2461 3472
69 235 147 316 ft,
174 243 178 247 ’
228 256 239 324 ἲς
276 241 489 324 {assidua
507 254 702 305 senatus
750 230 977 307 adversus
1008 237 1191 316 plebem
1222 216 1494 320 certamina.
1518 259 1549 314 ¹)
1574 247 1728 309 Mai&

282 331 455 376 fuisse
465 331 720 394 proposita,
752 319 1004 376 faciliores
1021 330 1076 374 ad
1110 322 1319 375 summos
1351 331 1550 375 honores
1581 319 1753 384 aditus,
1785 328 1892 385 plus
1923 318 2047 386 apud
2062 297 2162 392 ΡΗ

285 404 333 447 et
364 402 674 459 magistratus
706 401 1020 458 provinciales
1052 401 1247 458 gratiae,
1265 400 1404 457 apud
1435 402 1595 457 patres
1628 396 1940 457 auctoritatis,
1973 401 2111 458 apud
2124 400 2175 459 Jpl

231 464 233 467 ’
284 473 484 521 notitiae
516 475 564 517 et
585 473 804 527 nominiS,
837 472 1082 518 clientelas
1114 475 1375 517 exterarum
1408 472 1663 527 nationum,
1696 474 1944 533 praeturas
1972 471 2020 516 et
2038 471 2252 533 consulat

284 544 490 589 indidem
523 547 733 601 apparet.
785 544 945 600 Neque
977 544 1134 588 minus
1167 544 1363 588 formam
1410 555 1550 600 quam
1583 543 1967 587 consuetudinem
2002 545 2211 597 veterum·
2236 542 2255 605 ᾗ

284 616 513 661 diciorum
546 615 809 661 oratoribus
841 615 1034 672 favisse,
1067 615 1264 660 liberum
1297 614 1463 660 deinde
1495 614 1678 660 dicendi
1709 616 1910 672 tempus,
1943 626 2109 661 causas
2141 615 2190 661 in
2208 615 2309 664 foro

285 689 559 746 explicatas,
605 687 833 732 clamores
865 692 912 732 et
945 688 1105 733 studia
1135 688 1295 745 populi
1328 687 1567 744 certantis,
1613 687 1854 733 contiones
1886 687 2116 745 assiduas,
2147 689 2309 744 datum

284 760 361 805 ius
394 753 779 817 potentissimum
824 772 1054 817 quemque
1088 754 1299 805 vexa‘ndi.
1353 757 1506 813 Quam
1538 759 1726 816 quidem
1770 759 2031 805 studiorum
2063 760 2311 815 rhetoric&
2333 768 2397 823 „333¹

283 844 401 886 rum,
435 844 554 889 quae
586 833 923 888 tractabantur,
969 831 1331 888 discrepantiam
1364 831 1422 875 ad
1466 830 1622 888 ipsum
1668 830 1893 887 Tacitum,
1938 844 2075 888 quern
2107 843 2135 876 a
2165 823 2397 890 puero-*f-

284 916 467 948 summa
500 904 681 959 ingenii
715 904 814 947 acie
847 904 1150 947 excellentem
1183 903 1400 945 omnibus
1434 902 1699 957 disciplinis
1733 902 2005 946 institutum
2036 903 2185 948 fuisse
2217 917 2310 949 cre-
2371 904 2400 910 ”

284 975 392 1021 dere
425 987 509 1031 par
541 977 628 1032 est,
676 975 845 1033 quibus
891 978 1001 1019 tunc
1046 974 1178 1032 pueri
1225 973 1372 1019 imbui
1418 973 1636 1030 solerent,
1681 972 1966 1031 pertinuisse
2011 986 2223 1033 eumque,
2257 978 2341 1021 ut*
2393 963 2396 967 ¹

284 1049 374 1090 huc
408 1048 482 1091 vel
515 1048 626 1090 illuc
660 1050 873 1096 verteret,
921 1047 1174 1091 invitatum
1219 1046 1368 1089 fuisse
1407 1053 1772 1095 consentaneum
1805 1050 1893 1089 est.
1939 1046 2055 1090 Tum
2089 1059 2195 1091 vero
2229 1059 2309 1091 eos
2359 1057 2361 1059 ’

284 1121 475 1162 secutus
509 1120 595 1172 est,
629 1118 708 1173 qui
741 1117 924 1160 dicendi
957 1117 1310 1172 simplicitatem
1332 1120 1391 1160 ·et
1423 1117 1665 1172 antiquam
1691 1117 2011 1172 integritatem
2044 1118 2092 1160 in
2124 1117 2309 1162 litteras
2384 1143 2387 1145 -

283 1190 502 1235 reducere
535 1189 799 1234 studebant.
849 1188 1056 1233 Fuerunt
1104 1191 1262 1244 autem
1296 1187 1511 1245 inprimis
1544 1186 1868 1242 Quintilianus
1919 1191 1966 1233 et
2009 1188 2088 1234 ille
2121 1188 2309 1236 Nicetes
2368 1180 2381 1246 J
2408 1238 2425 1241 ,,

284 1261 526 1316 Sacerdos,
561 1274 588 1305 a
621 1274 711 1317 quo
745 1261 957 1304 Tacitum
991 1261 1217 1316 religione
1250 1261 1524 1304 institutum
1544 1261 1692 1304 fuisse
1713 1262 1808 1304 iam
1829 1273 1971 1316 supra
1991 1261 2306 1318 exposuimus.

428 1357 526 1401 lam
560 1369 667 1402 vero
702 1369 806 1400 cum
839 1356 896 1399 ad
944 1356 1225 1400 rhetoricam
1276 1356 1514 1400 accederet
1547 1355 1750 1411 Tacitus,
1802 1358 1962 1401 tenera
1994 1362 2118 1401 certe
2150 1357 2309 1403 iuven-

282 1431 384 1474 tute
417 1429 610 1473 florebat
627 1427 674 1484 2),
720 1439 1001 1484 quamquam
1036 1430 1175 1471 antea
1219 1427 1312 1471 alia
1345 1426 1502 1471 studia
1534 1426 1797 1483 superanda
1829 1433 1974 1472 erant.
2026 1429 2330 1486 Exigebaturv

282 1501 408 1544 enim
441 1500 558 1542 iuris
591 1511 773 1555 quoque
807 1499 962 1542 civilis
995 1501 1043 1541 et
1076 1511 1255 1541 morum
1289 1511 1341 1540 ac
1375 1498 1651 1553 religionum
1684 1499 1752 1541 rei
1788 1499 2002 1554 publicae
2034 1500 2234 1544 scientia
2248 1500 2306 1557 ³);

283 1586 432 1629 neque
466 1573 565 1616 fieri
600 1572 767 1627 potuit,
814 1572 926 1627 quin
948 1572 1155 1614 musicae
1172 1575 1219 1614 et
1238 1573 1549 1626 geometricae
1582 1571 1875 1615 institutioni
1921 1577 2107 1630 vacaret
2138 1576 2220 1617 aut
2258 1575 2308 1617 in
2348 1621 2361 1628 -

283 1644 565 1702 palaestrica
598 1646 697 1686 arte
729 1645 945 1686 versatus
978 1645 1104 1685 esset
1122 1642 1171 1700 ⁴),
1206 1654 1324 1699 quae
1357 1641 1519 1684 studia
1539 1644 1711 1685 oratori
1732 1642 1886 1686 futuro
1909 1645 2172 1688 necessaria
2192 1657 2310 1689 com-

279 1717 469 1760 mendat
502 1715 841 1769 Quintilianus.
888 1714 1182 1769 Quamquam
1216 1728 1306 1758 non
1340 1717 1465 1758 certo
1500 1716 1696 1757 relatum
1727 1715 1927 1769 legimus
1961 1714 2306 1768 Quintilianum

279 1787 428 1832 fuisse
461 1786 612 1832 Taciti
645 1789 1007 1843 praeceptorem,
1038 1790 1196 1830 tamen
1231 1787 1282 1830 ut
1316 1784 1514 1830 oratoris
1547 1784 1757 1842 civisque
1791 1784 1959 1831 officiis
1992 1791 2115 1832 recte
2148 1787 2308 1846 funge-

279 1862 421 1914 retur,
455 1862 502 1902 et
535 1858 686 1913 ipsius
719 1860 766 1900 et
799 1857 992 1900 Nicetae
1018 1856 1291 1900 Sacerdotis
1323 1856 1576 1912 disciplina
1620 1869 1726 1899 eum
1773 1869 1907 1900 usum
1954 1857 2102 1902 fuisse
2134 1859 2307 1914 cogita-

280 1930 435 1976 bimus
453 1931 505 1986 5);
553 1942 644 1986 qua
678 1929 726 1973 in
759 1942 807 1973 re
841 1941 894 1973 eo
927 1928 1082 1972 minus
1128 1941 1156 1973 a
1200 1941 1308 1974 vero
1356 1929 1580 1975 aberrare.
1615 1928 1750 1973 nobis
1797 1928 2020 1985 videmur,
2066 1943 2171 1975 cum
2203 1930 2336 1988 ipse*

281 2002 478 2059 Plinius,
527 2002 607 2059 qui
640 2002 689 2046 in
722 2001 987 2046 litterarum
1020 2000 1205 2057 studiiS,
1242 2000 1441 2045 maxime
1475 2003 1629 2049 autem
1664 2001 1713 2045 in
1734 2000 2002 2058 eloquentia
2022 2015 2125 2047 cum
2147 2002 2307 2048 Tacito

282 2076 697 2120 coniunctissimus
729 2074 834 2129 fuit,
869 2076 1063 2129 utroque
1085 2079 1383 2130 praeceptore
1411 2086 1525 2117 usus
1558 2078 1644 2118 est.
1660 2076 1690 2128 ὅ)
1724 2074 1886 2130 ltaque
1919 2086 1947 2119 a
1978 2075 2130 2131 prima
2149 2075 2308 2120 iuven-

280 2150 382 2192 tute
416 2148 464 2190 in
498 2146 792 2202 eloquentiae
825 2145 1034 2189 studium
1067 2145 1292 2189 acerrime
1326 2145 1551 2200 incubuit,
1592 2149 1639 2189 et
1670 2146 1712 2189 si
1745 2146 1917 2202 dialogi
1950 2146 2005 2191 de
2046 2146 2308 2191 oratoribus

282 2220 495 2264 Tacitum
530 2222 767 2263 auctorem
812 2230 916 2262 esse
949 2217 1219 2272 statuimus,
1264 2217 1566 2262 celeberrima
1599 2214 1711 2261 'tum
1744 2219 1936 2274 ingenia
1978 2218 2067 2263 fori
2100 2219 2307 2263 Marcum

281 2292 457 2349 Aprum
492 2294 539 2335 et
572 2291 742 2334 Iulium
776 2289 1041 2333 Secundum
1081 2293 1128 2332 et
1159 2289 1283 2333 domi
1316 2293 1363 2333 et
1396 2290 1444 2332 in
1477 2289 1661 2346 publico
1707 2292 2042 2334 assectabatur.
2064 2290 2095 2348 ⁷)
2146 2279 2331 2347 Neque*

283 2377 310 2410 a
343 2363 678 2409 consuetudine
710 2362 930 2419 Vipstani
962 2361 1224 2412 Messallae,
1259 2362 1397 2406 claris
1432 2362 1684 2407 maioribus
1717 2363 1822 2419 orti,
1855 2363 2036 2408 alienus
2063 2363 2210 2408 fuisse
2245 2364 2310 2409 vi·

283 2436 431 2492 detur,
465 2436 545 2492 qui
580 2436 789 2482 veterum
821 2434 1136 2490 eloquentiam
1168 2433 1397 2479 desiderio
1432 2434 1664 2479 recolebat
1695 2437 1742 2479 et
1774 2434 1943 2491 prioris
1969 2435 2073 2481 aevi
2101 2436 2307 2484 oratores

283 2509 606 2553 aemulabatur
624 2507 680 2563 64);
726 2508 967 2562 praeterea
1000 2505 1261 2550 Curiatium
1304 2505 1567 2551 Maternum
1601 2508 1944 2562 tragoediarum
1965 2509 2240 2565 scriptorem
2261 2509 2310 2552 et

434 2689 458 2731 ¹)
487 2689 637 2734 Dialog.
664 2689 722 2724 36.

432 2748 459 2792 ²)
485 2749 542 2785 Of.
568 2749 727 2795 Ruperti
753 2748 842 2784 Tac.
863 2759 951 2795 οΡΡ
979 2748 1136 2796 praefat.
1164 2760 1226 2796 pg.
1254 2748 1345 2786 VII.
1373 2748 1423 2785 ad
1450 2761 1537 2787 ann.
1567 2750 1624 2786 66.

432 2808 459 2851 ³)
487 2808 648 2852 Quintil.
674 2810 759 2843 inst.
788 2814 881 2845 orat.
910 2809 1003 2852 XII,
1029 2810 1062 2850 3,
1092 2811 1123 2845 1.

432 2868 459 2914 ⁴²)
488 2867 576 2903 ibid.
604 2868 633 2912 I,
661 2868 717 2912 10,
744 2869 766 2903 9
791 2873 829 2904 et
854 2868 912 2905 34.
957 2869 987 2913 Ι,
1015 2869 1071 2912 11,
1101 2869 1119 2903 1
1147 2873 1184 2904 et
1213 2869 1267 2905 15.
1295 2869 1457 2912 Liebert,
1496 2867 1542 2904 de
1580 2867 1753 2905 doctrina
1778 2869 1913 2914 Taciti,
1941 2869 2176 2917 Wirceburgi
2203 2834 2309 2914 1868,

339 2958 347 2965 .
374 2929 397 2964 5
424 2940 441 2963 s

284 2941 337 2976 ΡΞ
432 2940 744 3032 ⁵31qHaasQTae
771 3000 858 3035 opp.
886 2988 1041 3035 praefat.
1067 3001 1129 3037 pg.
1158 2989 1245 3027 VII.
1273 2993 1501 3038 Wrobelius,
1521 2993 1577 3030 vir
1600 2989 1654 3027 ill.
1682 2990 1720 3026 in
1752 2990 1904 3028 scholis.
1929 2986 2193 3049 Nipperdeius,
2217 2992 2310 3031 Tac.

285 3061 373 3096 opp.
401 3049 560 3095 praefat.
586 3061 647 3095 pg.
675 3050 722 3085 V.

432 3109 460 3152 ⁶)
487 3109 586 3145 Plin.
612 3109 720 3156 epist.
747 3111 798 3154 II,
827 3111 888 3152 14;
915 3111 985 3156 VI,
1011 3113 1045 3148 6.
1079 3112 1137 3149 32.

435 3169 461 3212 τ)
488 3170 641 3215 Dialog.
668 3171 701 3206 2.
2359 3207 2361 3209 ,
2457 3206 2461 3209 ,

434 3228 461 3272 8)
489 3228 578 3265 ibid.
608 3230 761 3273 14-1e‚
795 3230 950 3274 25-35,
984 3232 1042 3267 42.
1766 3226 1767 3229 ’
1924 3247 1929 3251 ι
1960 3247 1963 3250 -
2324 3235 2326 3240 ’
2357 3221 2359 3226 “
2392 3214 2461 3271 '33⁵2
