2461 3472
1023 824 1245 931 &aput
1293 823 1379 891 ΙΙ.

288 993 489 1071 Quam
547 996 875 1058 nationem
934 997 1196 1059 Tacitus
1247 998 1311 1058 in
1371 990 1670 1059 colendis
1729 990 2101 1057 litterarum

823 1124 1061 1192 studiis
1118 1130 1393 1191 secutus
1453 1130 1555 1190 sit.

332 1358 461 1406 Satis
494 1359 588 1405 iam
608 1360 878 1417 exposuisse
898 1360 1013 1405 mihi
1036 1361 1207 1418 videor,
1228 1344 1288 1406 ut¹
1301 1360 1656 1418 perspiceretur,
1690 1373 1781 1417 quo
1802 1359 1990 1416 ingenio
2010 1358 2199 1402 Tacitus

186 1444 290 1475 cum
323 1433 371 1477 in
410 1433 677 1488 eloquentia
708 1435 805 1476 tum
840 1434 1039 1478 maxime
1072 1434 1121 1477 in
1153 1433 1395 1479 scribenda
1416 1433 1614 1479 historia
1634 1433 1873 1478 emineret.
1908 1432 1972 1477 Ac
1993 1431 2199 1488 profecto

185 1502 228 1547 si
259 1505 542 1560 reputamuS,
576 1505 750 1560 quanto
781 1503 937 1549 labore
969 1506 1234 1562 quantaque
1266 1504 1512 1561 diligentia
1544 1505 1601 1549 ad
1633 1505 1767 1549 aulae
1801 1507 1940 1560 atque
1972 1503 2059 1547 fori
2094 1515 2197 1546 con-

185 1575 479 1619 suetudinem
512 1587 629 1631 opus
661 1575 816 1630 fuerit,
838 1578 1011 1632 quanto
1043 1576 1204 1620 iudicii
1238 1577 1450 1620 acumine
1478 1576 1535 1620 ad
1562 1576 1773 1632 singulas
1806 1588 1879 1619 res
1913 1574 2199 1629 investigan-

185 1646 268 1689 das
294 1647 644 1702 veritatemque,
666 1659 784 1703 quae
805 1647 900 1691 fere
926 1647 1115 1703 latebat,
1136 1648 1479 1704 exquirendam,
1500 1648 1579 1693 vix
1599 1648 1846 1704 quisquam
1867 1659 1973 1691 eum
2000 1658 2198 1702 aequare

183 1719 353 1775 potest.
375 1716 561 1772 Quanta
582 1720 736 1762 autem
757 1718 1018 1762 litterarum
1051 1719 1256 1775 cognitio
1277 1719 1325 1762 in
1352 1731 1406 1762 eo
1428 1718 1583 1774 fuerit,
1617 1731 1671 1762 ex
1698 1706 1881 1774 ingenti
1919 1718 2198 1773 scriptorum

180 1802 384 1846 numero,
418 1802 534 1847 quos
567 1793 908 1847 commemorat,
930 1791 1137 1836 conicere
1170 1791 1293 1836 licet.
1316 1790 1516 1836 Cunctos
1549 1804 1657 1837 vero
1691 1792 1776 1835 hoc
1806 1790 1904 1835 loco
1926 1802 2196 1834 enumerare

179 1861 369 1918 longum
402 1856 497 1919 est:
531 1862 748 1919 sufficiat,
781 1866 897 1920 quos
915 1863 1016 1920 ipse
1037 1863 1226 1920 saepius
1246 1862 1405 1915 laudat
1425 1875 1634 1920 quosque
1655 1861 1975 1916 Quintilianus
1997 1861 2195 1905 lectione

180 1935 227 1977 et
259 1934 414 1978 studio
447 1934 663 1990 inprimis
695 1934 861 1989 dignos
894 1935 1185 1978 commendat
1217 1935 1388 1979 oratori
1420 1935 1591 1989 futuro,
1613 1936 1753 1979 verbo
1785 1933 2009 1986 referre.¹)
2040 1933 2195 1988 Atque

181 2018 242 2050 ex
275 2004 498 2051 Graecis
532 2005 746 2062 quidem
780 2006 1151 2064 scriptoribus
1184 2005 1240 2051 hi
1272 2008 1425 2051 sunt:
1459 2006 1706 2052 Homerus:
1734 2004 1903 2061 dialog.
1934 2006 2002 2060 12,
2029 2003 2192 2049 histor.

179 2076 232 2134 V,
266 2079 312 2133 2;
348 2076 613 2135 Sophocles,
647 2078 906 2146 Eiuripides:
940 2078 1107 2135 dialog.
1144 2081 1218 2133 12;
1258 2079 1528 2123 Aeschines:
1561 2079 1672 2122 ibid.
1709 2081 1777 2133 15,
1812 2080 1889 2132 25;
1923 2078 2195 2120 Demosthe-

179 2162 276 2194 nes:
310 2150 420 2194 ibid.
445 2152 514 2206 12,
550 2152 619 2206 15,
657 2153 726 2206 16,
759 2153 831 2206 25,
864 2152 936 2207 32,
969 2153 1046 2206 373
1081 2151 1355 2208 Hyperides:
1389 2151 1500 2196 ibid.
1538 2153 1608 2206 12,
1645 2153 1713 2206 16,
1746 2152 1824 2205 25;
1859 2148 2048 2206 Lysias:
2082 2148 2193 2193 ibid.

182 2223 250 2278 12,
283 2223 360 2277 25;
399 2221 680 2267 Platozibid.
714 2224 786 2278 31,
819 2224 896 2278 323
936 2223 1205 2280 Xenophon:
1238 2222 1348 2267 ibid.
1383 2225 1460 2280 313
1505 2225 1746 2280 praeterea
1777 2222 2196 2266 commemorantur

177 2293 457 2349 Academici,
490 2292 652 2346 Stoici,
685 2293 986 2350 Peripatetici
1019 2295 1130 2339 ibid.
1163 2297 1234 2339 31.

321 2378 394 2421 Ex
432 2377 807 2432 scriptoribus
847 2378 1127 2422 Romanis:
1173 2378 1424 2434 Vergilius:
1464 2378 1632 2434 dialog.
1670 2379 1738 2433 12,
1781 2377 1850 2433 13,
1883 2378 1955 2431 20,
1988 2378 2065 2431 23;
2106 2376 2193 2420 Lu-

179 2448 365 2504 cretius,
398 2448 555 2493 Varro:
588 2448 697 2493 ibid.
731 2451 807 2504 23;
843 2448 1027 2493 Saleius
1047 2449 1238 2494 Bassus:
1271 2450 1383 2494 ibid.
1416 2453 1458 2506 5,
1492 2452 1533 2505 9,
1570 2451 1644 2503 103
1678 2449 1916 2493 Antistius
1950 2448 2191 2493 Sosianus:

178 2520 330 2563 annal.
364 2520 481 2574 XIV,
515 2523 586 2574 48,
619 2522 691 2574 49,
723 2520 840 2573 XVI,
873 2522 950 2573 21;
984 2521 1213 2564 Lucanus:
1246 2521 1414 2576 dialog.
1449 2523 1526 2575 20;
1560 2521 1781 2574 Lucilius,
1809 2520 2044 2565 Horatius:
2079 2520 2189 2564 ibid.

177 2594 249 2648 20,
281 2593 358 2647 23;
400 2591 583 2646 VariuS‚
616 2589 824 2638 Ovidius:
858 2590 968 2636 ibid.
1006 2593 1079 2648 123
1124 2591 1370 2648 Pacuvius,
1412 2591 1595 2638 Accius:
1630 2591 1740 2635 ibid.
1775 2592 1846 2647 20,
1879 2592 1957 2646 21;
1999 2590 2191 2648 Pompo-

177 2664 285 2706 nius
318 2663 572 2706 Secundus:
606 2663 715 2705 ibid.
753 2665 826 2717 13;
848 2662 1075 2707 Servilius
1108 2663 1362 2706 Nonianus:
1396 2664 1506 2706 ibid.
1525 2666 1601 2717 23;
1623 2663 1834 2706 Aufidius
1852 2664 2043 2706 Bassus:
2077 2662 2189 2706 ibid.

175 2740 253 2793 23;
305 2736 487 2782 Cicero:
529 2736 681 2781 annal.
723 2734 799 2792 IV,
840 2737 912 2791 34,
946 2734 1112 2792 dialog.
1158 2736 1226 2792 12,
1272 2735 1474 2791 15—-18,
1517 2735 1722 2791 20—23,
1768 2734 1840 2790 25,
1883 2734 1955 2792 30,
2000 2734 2073 2791 32,
2116 2734 2189 2792 35,

0 2776 38 2872 ἶ
119 2804 122 2807 ⁴
175 2810 372 2867 37-40;
405 2808 598 2855 Asinius
630 2807 796 2854 Pollio:
829 2807 981 2853 annal.
1020 2807 1054 2864 Ι,
1091 2809 1159 2864 12,
1192 2807 1269 2865 ΠΙ,
1304 2809 1373 2862 75,
1407 2806 1482 2863 IV,
1516 2809 1587 2862 34,
1620 2807 1697 2863 XI,
1731 2809 1773 2862 6,
1806 2806 1975 2861 dialog.
2013 2809 2081 2861 12,
2118 2810 2188 2862 15,

179 2885 247 2937 17,
282 2885 354 2937 21,
387 2884 459 2932 25,
492 2884 563 2937 26,
597 2884 668 2936 34,
701 2884 778 2935 38;
812 2881 1036 2924 Messala:
1068 2881 1236 2934 dialog.
1273 2883 1341 2934 18,
1374 2883 1450 2933 21;
1493 2880 1651 2924 Julius
1684 2879 1875 2924 Caesar:
1909 2880 2079 2935 dialog.
2117 2882 2186 2935 13,

178 2957 247 3009 17,
280 2957 353 3010 21,
385 2956 458 3009 25,
490 2956 562 3010 28,
595 2955 667 3010 34,
700 2955 777 3009 38;
820 2951 1026 2999 Coelius:
1059 2951 1168 2998 ibid.
1206 2953 1274 3008 17,
1307 2953 1379 3008 21,
1412 2952 1489 3008 25;
1533 2949 1719 2998 Calvus:
1754 2950 1864 2996 ibid.
1906 2953 1974 3008 17,
2012 2953 2080 3008 18,
2114 2953 2186 3008 21,

174 3027 247 3082 25,
279 3027 352 3081 26,
384 3028 456 3082 34,
488 3028 565 3083 38;
599 3025 833 3071 Domitius
865 3025 996 3069 Afer:
1031 3024 1182 3069 annal.
1216 3023 1291 3080 IV,
1324 3026 1396 3080 52,
1430 3027 1504 3079 66,
1537 3024 1657 3079 XIV,
1694 3026 1761 3067 19.
1797 3024 1966 3079 dialog.
2005 3027 2072 3079 13,
2110 3028 2185 3078 15;

174 3098 341 3144 Vibius
373 3098 580 3157 Crispus:
602 3099 770 3155 dialog.
805 3101 845 3154 8,
882 3097 1130 3154 133Julius
1157 3096 1412 3142 Secundus:
1435 3097 1544 3141 ibid.
1579 3099 1620 3152 2,
1655 3099 1696 3152 3,
1730 3097 1772 3151 5,
1805 3098 1847 3152 9,
1885 3098 2074 3152 14—16‚
2108 3099 2186 3152 33;

172 3172 369 3216 Brutus:
403 3172 555 3216 annal.
588 3171 664 3227 IV,
703 3173 775 3228 34,
808 3171 975 3227 dialog.
1022 3173 1090 3227 17,
1132 3172 1201 3227 18,
1240 3172 1312 3227 21,
1351 3171 1424 3227 25,
1463 3171 1535 3226 30,
1570 3171 1646 3225 38;
1698 3168 1997 3214 Hortensius:
2032 3169 2185 3215 annal.

319 3317 344 3361 ¹)
371 3317 426 3354 Cf.
453 3316 615 3361 Liebert,
640 3317 664 3353 l.
691 3317 716 3353 l.
743 3328 805 3363 pg.
834 3316 878 3352 15
905 3327 958 3362 sq.
986 3336 1030 3340 —
1057 3313 1188 3358 Finck,
1215 3313 1372 3361 praefat.
1399 3312 1447 3350 ad
1474 3313 1598 3350 Germ.
1628 3325 1687 3360 pg.
1720 3312 1788 3349 143
1815 3323 1894 3359 sqq.

1922 3384 1967 3419 2*
