<?xml version="1.0" encoding="UTF-8"?>
<!DOCTYPE html PUBLIC "-//W3C//DTD XHTML 1.0 Transitional//EN"
    "http://www.w3.org/TR/xhtml1/DTD/xhtml1-transitional.dtd">
<html xmlns="http://www.w3.org/1999/xhtml" xml:lang="en" lang="en">
 <head>
  <title>
</title>
<meta http-equiv="Content-Type" content="text/html;charset=utf-8" />
  <meta name='ocr-system' content='tesseract 3.04.00' />
  <meta name='ocr-capabilities' content='ocr_page ocr_carea ocr_par ocr_line ocrx_word'/>
</head>
<body>
  <div class='ocr_page' id='page_1' title='image "4773783_0024.png"; bbox 0 0 2461 3472; ppageno 0'>
   <div class='ocr_carea' id='block_1_1' title="bbox 0 0 2452 459">
    <p class='ocr_par' dir='ltr' id='par_1_1' title="bbox 0 0 2452 459">
     <span class='ocr_line' id='line_1_1' title="bbox 0 0 2452 409; baseline 0 -148"><span class='ocrx_word' id='word_1_1' title='bbox 0 0 2452 409; x_wconf 95' lang='lat' dir='ltr'><strong>    </strong></span> 
     </span>
     <span class='ocr_line' id='line_1_2' title="bbox 2150 409 2448 459; baseline 0 3013"><span class='ocrx_word' id='word_1_2' title='bbox 2150 409 2448 459; x_wconf 95' lang='lat' dir='ltr'><strong> </strong></span> 
     </span>
    </p>
   </div>
   <div class='ocr_carea' id='block_1_2' title="bbox 0 265 2460 2948">
    <p class='ocr_par' dir='ltr' id='par_1_2' title="bbox 0 265 2457 2156">
     <span class='ocr_line' id='line_1_3' title="bbox 233 265 2181 358; baseline 0.003 -18"><span class='ocrx_word' id='word_1_3' title='bbox 233 292 450 355; x_wconf 48' lang='lat' dir='ltr'><strong>genimque</strong></span> <span class='ocrx_word' id='word_1_4' title='bbox 465 271 781 351; x_wconf 49' lang='lat' dir='ltr'><strong>diffunderem</strong></span> <span class='ocrx_word' id='word_1_5' title='bbox 814 266 919 353; x_wconf 81' lang='lat' dir='ltr'><strong>ipse</strong></span> <span class='ocrx_word' id='word_1_6' title='bbox 930 276 1109 348; x_wconf 76' lang='lat' dir='ltr'><strong>autem</strong></span> <span class='ocrx_word' id='word_1_7' title='bbox 1138 278 1295 343; x_wconf 82' lang='lat' dir='ltr'><strong>orator</strong></span> <span class='ocrx_word' id='word_1_8' title='bbox 1329 270 1477 340; x_wconf 79' lang='lat' dir='ltr'><strong>omni</strong></span> <span class='ocrx_word' id='word_1_9' title='bbox 1505 265 1589 340; x_wconf 78' lang='lat' dir='ltr'><strong>et</strong></span> <span class='ocrx_word' id='word_1_10' title='bbox 1599 274 1696 344; x_wconf 63' lang='lat' dir='ltr'><strong>adi</strong></span> <span class='ocrx_word' id='word_1_11' title='bbox 1726 294 1797 346; x_wconf 77' lang='lat' dir='ltr'><strong>et:</strong></span> <span class='ocrx_word' id='word_1_12' title='bbox 1819 292 2076 358; x_wconf 67' lang='lat' dir='ltr'><strong>prieti·</strong></span> <span class='ocrx_word' id='word_1_13' title='bbox 2166 287 2181 306; x_wconf 62' lang='lat'><em>³</em></span> 
     </span>
     <span class='ocr_line' id='line_1_4' title="bbox 153 356 2087 432; baseline 0.002 -17"><span class='ocrx_word' id='word_1_14' title='bbox 153 398 166 415; x_wconf 47' lang='grc' dir='ltr'><strong>»ι</strong></span> <span class='ocrx_word' id='word_1_15' title='bbox 197 421 201 425; x_wconf 54' lang='grc'>,</span> <span class='ocrx_word' id='word_1_16' title='bbox 234 356 467 419; x_wconf 53' lang='lat' dir='ltr'><strong>*doctrina</strong></span> <span class='ocrx_word' id='word_1_17' title='bbox 492 366 702 415; x_wconf 88' lang='lat' dir='ltr'><strong>imbutus</strong></span> <span class='ocrx_word' id='word_1_18' title='bbox 734 369 862 413; x_wconf 89' lang='lat' dir='ltr'><strong>esset</strong></span> <span class='ocrx_word' id='word_1_19' title='bbox 892 379 1086 415; x_wconf 87' lang='lat' dir='ltr'><strong>necesse</strong></span> <span class='ocrx_word' id='word_1_20' title='bbox 1117 367 1230 413; x_wconf 89' lang='lat' dir='ltr'><strong>erat.</strong></span> <span class='ocrx_word' id='word_1_21' title='bbox 1239 366 1271 426; x_wconf 90' lang='lat'><strong>¹)</strong></span> <span class='ocrx_word' id='word_1_22' title='bbox 1304 366 1425 414; x_wconf 85' lang='lat' dir='ltr'><strong>Sed</strong></span> <span class='ocrx_word' id='word_1_23' title='bbox 1429 380 1534 415; x_wconf 85' lang='lat' dir='ltr'><strong>cum</strong></span> <span class='ocrx_word' id='word_1_24' title='bbox 1554 367 1613 414; x_wconf 82' lang='lat' dir='ltr'><strong>ad</strong></span> <span class='ocrx_word' id='word_1_25' title='bbox 1634 368 1881 430; x_wconf 78' lang='lat' dir='ltr'><strong>orationes</strong></span> <span class='ocrx_word' id='word_1_26' title='bbox 1885 356 2087 432; x_wconf 74' lang='lat' dir='ltr'><strong>fnequen</strong></span> 
     </span>
     <span class='ocr_line' id='line_1_5' title="bbox 248 428 2158 500; baseline 0.002 -14"><span class='ocrx_word' id='word_1_27' title='bbox 248 428 489 486; x_wconf 81' lang='lat' dir='ltr'><strong>habendas</strong></span> <span class='ocrx_word' id='word_1_28' title='bbox 520 440 593 485; x_wconf 88' lang='lat' dir='ltr'><strong>tot</strong></span> <span class='ocrx_word' id='word_1_29' title='bbox 622 439 869 498; x_wconf 87' lang='lat' dir='ltr'><strong>publicae</strong></span> <span class='ocrx_word' id='word_1_30' title='bbox 856 451 906 485; x_wconf 89' lang='grc' dir='ltr'><strong>ιιι</strong></span> <span class='ocrx_word' id='word_1_31' title='bbox 938 441 1052 485; x_wconf 88' lang='lat' dir='ltr'><strong>urbe</strong></span> <span class='ocrx_word' id='word_1_32' title='bbox 1084 439 1293 487; x_wconf 84' lang='lat' dir='ltr'><strong>actiones</strong></span> <span class='ocrx_word' id='word_1_33' title='bbox 1325 439 1596 498; x_wconf 79' lang='lat' dir='ltr'><strong>invitarent,</strong></span> <span class='ocrx_word' id='word_1_34' title='bbox 1627 439 1699 487; x_wconf 85' lang='lat' dir='ltr'><strong>ita</strong></span> <span class='ocrx_word' id='word_1_35' title='bbox 1728 442 1781 486; x_wconf 89' lang='lat' dir='ltr'><strong>ut</strong></span> <span class='ocrx_word' id='word_1_36' title='bbox 1818 439 2158 500; x_wconf 71' lang='lat' dir='ltr'><strong>unusquisque</strong></span> 
     </span>
     <span class='ocr_line' id='line_1_6' title="bbox 236 510 2221 598; baseline 0.002 -42"><span class='ocrx_word' id='word_1_37' title='bbox 236 511 488 557; x_wconf 79' lang='lat' dir='ltr'><strong>Romanus</strong></span> <span class='ocrx_word' id='word_1_38' title='bbox 519 512 653 557; x_wconf 89' lang='lat' dir='ltr'><strong>fieret</strong></span> <span class='ocrx_word' id='word_1_39' title='bbox 683 512 1022 570; x_wconf 90' lang='lat' dir='ltr'><strong>quodammodo</strong></span> <span class='ocrx_word' id='word_1_40' title='bbox 1062 514 1230 564; x_wconf 87' lang='lat' dir='ltr'><strong>orator,</strong></span> <span class='ocrx_word' id='word_1_41' title='bbox 1280 512 1426 558; x_wconf 90' lang='lat' dir='ltr'><strong>etiam</strong></span> <span class='ocrx_word' id='word_1_42' title='bbox 1471 510 1703 559; x_wconf 85' lang='lat' dir='ltr'><strong>rhetorica</strong></span> <span class='ocrx_word' id='word_1_43' title='bbox 1751 525 1828 559; x_wconf 86' lang='lat' dir='ltr'><strong>ars</strong></span> <span class='ocrx_word' id='word_1_44' title='bbox 1876 513 1987 598; x_wconf 85' lang='lat' dir='ltr'><strong>inde</strong></span> <span class='ocrx_word' id='word_1_45' title='bbox 2036 526 2065 559; x_wconf 84' lang='lat' dir='ltr'><strong>a</strong></span> <span class='ocrx_word' id='word_1_46' title='bbox 2092 515 2156 561; x_wconf 78' lang='lat' dir='ltr'>G</span> <span class='ocrx_word' id='word_1_47' title='bbox 2168 561 2171 565; x_wconf 77' lang='grc'>,</span> <span class='ocrx_word' id='word_1_48' title='bbox 2204 564 2221 571; x_wconf 23' lang='lat' dir='ltr'><strong>f,</strong></span> 
     </span>
     <span class='ocr_line' id='line_1_7' title="bbox 248 581 1714 642; baseline 0 -12"><span class='ocrx_word' id='word_1_49' title='bbox 248 582 653 640; x_wconf 85' lang='lat' dir='ltr'><strong>Gracchorumque</strong></span> <span class='ocrx_word' id='word_1_50' title='bbox 684 583 976 641; x_wconf 81' lang='lat' dir='ltr'><strong>temporibus</strong></span> <span class='ocrx_word' id='word_1_51' title='bbox 1008 584 1163 629; x_wconf 86' lang='lat' dir='ltr'><strong>acrius</strong></span> <span class='ocrx_word' id='word_1_52' title='bbox 1194 584 1397 629; x_wconf 79' lang='lat' dir='ltr'><strong>exerceri</strong></span> <span class='ocrx_word' id='word_1_53' title='bbox 1430 581 1596 642; x_wconf 86' lang='lat' dir='ltr'><strong>coepta</strong></span> <span class='ocrx_word' id='word_1_54' title='bbox 1625 587 1714 630; x_wconf 68' lang='lat' dir='ltr'><strong>est.</strong></span> 
     </span>
     <span class='ocr_line' id='line_1_8' title="bbox 393 644 2276 714; baseline 0.004 -14"><span class='ocrx_word' id='word_1_55' title='bbox 393 654 491 703; x_wconf 86' lang='lat' dir='ltr'><strong>Iam</strong></span> <span class='ocrx_word' id='word_1_56' title='bbox 524 666 634 702; x_wconf 91' lang='lat' dir='ltr'><strong>vero</strong></span> <span class='ocrx_word' id='word_1_57' title='bbox 663 654 722 702; x_wconf 94' lang='lat' dir='ltr'><strong>de</strong></span> <span class='ocrx_word' id='word_1_58' title='bbox 754 654 907 703; x_wconf 82' lang='lat' dir='ltr'><strong>Taciti</strong></span> <span class='ocrx_word' id='word_1_59' title='bbox 938 654 1110 702; x_wconf 91' lang='lat' dir='ltr'><strong>studiis</strong></span> <span class='ocrx_word' id='word_1_60' title='bbox 1141 654 1388 702; x_wconf 86' lang='lat' dir='ltr'><strong>rhetoricis</strong></span> <span class='ocrx_word' id='word_1_61' title='bbox 1406 655 1663 704; x_wconf 80' lang='lat' dir='ltr'><strong>dissertum</strong></span> <span class='ocrx_word' id='word_1_62' title='bbox 1694 656 1811 703; x_wconf 85' lang='lat' dir='ltr'><strong>mihi</strong></span> <span class='ocrx_word' id='word_1_63' title='bbox 1831 655 2146 714; x_wconf 85' lang='lat' dir='ltr'><strong>adnotandum</strong></span> <span class='ocrx_word' id='word_1_64' title='bbox 2165 644 2276 707; x_wconf 72' lang='lat' dir='ltr'><strong>esse</strong></span> 
     </span>
     <span class='ocr_line' id='line_1_9' title="bbox 246 724 2301 785; baseline 0.002 -13"><span class='ocrx_word' id='word_1_65' title='bbox 246 726 434 772; x_wconf 86' lang='lat' dir='ltr'><strong>videtur</strong></span> <span class='ocrx_word' id='word_1_66' title='bbox 465 728 551 772; x_wconf 90' lang='lat' dir='ltr'><strong>hoc</strong></span> <span class='ocrx_word' id='word_1_67' title='bbox 583 727 696 785; x_wconf 86' lang='lat' dir='ltr'><strong>loco,</strong></span> <span class='ocrx_word' id='word_1_68' title='bbox 730 741 871 785; x_wconf 88' lang='lat' dir='ltr'><strong>quam</strong></span> <span class='ocrx_word' id='word_1_69' title='bbox 903 728 1029 774; x_wconf 86' lang='lat' dir='ltr'><strong>viam</strong></span> <span class='ocrx_word' id='word_1_70' title='bbox 1062 741 1115 773; x_wconf 89' lang='lat' dir='ltr'><strong>ac</strong></span> <span class='ocrx_word' id='word_1_71' title='bbox 1162 727 1392 773; x_wconf 87' lang='lat' dir='ltr'><strong>rationem</strong></span> <span class='ocrx_word' id='word_1_72' title='bbox 1442 728 1522 773; x_wconf 91' lang='lat' dir='ltr'><strong>illo</strong></span> <span class='ocrx_word' id='word_1_73' title='bbox 1571 730 1780 785; x_wconf 87' lang='lat' dir='ltr'><strong>tempore</strong></span> <span class='ocrx_word' id='word_1_74' title='bbox 1827 724 2021 774; x_wconf 82' lang='lat' dir='ltr'><strong>inierint</strong></span> <span class='ocrx_word' id='word_1_75' title='bbox 2065 729 2206 776; x_wconf 82' lang='lat' dir='ltr'><strong>iuve&#39;n</strong></span> <span class='ocrx_word' id='word_1_76' title='bbox 2299 780 2301 782; x_wconf 64' lang='grc'><strong>,</strong></span> 
     </span>
     <span class='ocr_line' id='line_1_10' title="bbox 247 792 2305 858; baseline 0.001 -15"><span class='ocrx_word' id='word_1_77' title='bbox 247 799 329 858; x_wconf 91' lang='lat' dir='ltr'><strong>qui</strong></span> <span class='ocrx_word' id='word_1_78' title='bbox 361 800 452 844; x_wconf 89' lang='lat' dir='ltr'><strong>arti</strong></span> <span class='ocrx_word' id='word_1_79' title='bbox 485 800 744 846; x_wconf 81' lang='lat' dir='ltr'><strong>rhetoricae</strong></span> <span class='ocrx_word' id='word_1_80' title='bbox 776 800 1040 846; x_wconf 79' lang='lat' dir='ltr'><strong>studebant.</strong></span> <span class='ocrx_word' id='word_1_81' title='bbox 1075 800 1487 857; x_wconf 88' lang='lat' dir='ltr'><strong>Amplectebantur</strong></span> <span class='ocrx_word' id='word_1_82' title='bbox 1518 801 1643 846; x_wconf 90' lang='lat' dir='ltr'><strong>enim</strong></span> <span class='ocrx_word' id='word_1_83' title='bbox 1677 801 1725 845; x_wconf 92' lang='lat' dir='ltr'><strong>in</strong></span> <span class='ocrx_word' id='word_1_84' title='bbox 1758 802 1844 847; x_wconf 90' lang='lat' dir='ltr'><strong>hac</strong></span> <span class='ocrx_word' id='word_1_85' title='bbox 1877 803 1977 847; x_wconf 87' lang='lat' dir='ltr'><strong>arte</strong></span> <span class='ocrx_word' id='word_1_86' title='bbox 2025 792 2305 855; x_wconf 62' lang='lat' dir='ltr'><strong>excolendas-2</strong></span> 
     </span>
     <span class='ocr_line' id='line_1_11' title="bbox 246 866 2305 932; baseline 0.002 -17"><span class='ocrx_word' id='word_1_87' title='bbox 246 872 389 928; x_wconf 84' lang='lat' dir='ltr'><strong>atque</strong></span> <span class='ocrx_word' id='word_1_88' title='bbox 421 872 666 917; x_wconf 89' lang='lat' dir='ltr'><strong>tractanda</strong></span> <span class='ocrx_word' id='word_1_89' title='bbox 693 872 810 917; x_wconf 89' lang='lat' dir='ltr'><strong>duas</strong></span> <span class='ocrx_word' id='word_1_90' title='bbox 842 872 1142 930; x_wconf 90' lang='lat' dir='ltr'><strong>potissimum</strong></span> <span class='ocrx_word' id='word_1_91' title='bbox 1174 872 1396 923; x_wconf 88' lang='lat' dir='ltr'><strong>rationes,</strong></span> <span class='ocrx_word' id='word_1_92' title='bbox 1429 872 1560 929; x_wconf 79' lang='lat' dir='ltr'><strong>quae&#39;</strong></span> <span class='ocrx_word' id='word_1_93' title='bbox 1580 872 1782 929; x_wconf 89' lang='lat' dir='ltr'><strong>quidem,</strong></span> <span class='ocrx_word' id='word_1_94' title='bbox 1822 884 2104 930; x_wconf 89' lang='lat' dir='ltr'><strong>quamquam</strong></span> <span class='ocrx_word' id='word_1_95' title='bbox 2126 866 2305 932; x_wconf 58' lang='lat' dir='ltr'><strong>diver-[³</strong></span> 
     </span>
     <span class='ocr_line' id='line_1_12' title="bbox 246 942 2304 1009; baseline 0 -21"><span class='ocrx_word' id='word_1_96' title='bbox 246 942 468 988; x_wconf 88' lang='lat' dir='ltr'><strong>sissimae</strong></span> <span class='ocrx_word' id='word_1_97' title='bbox 500 943 625 989; x_wconf 92' lang='lat' dir='ltr'><strong>inter</strong></span> <span class='ocrx_word' id='word_1_98' title='bbox 656 956 708 989; x_wconf 90' lang='lat' dir='ltr'><strong>se</strong></span> <span class='ocrx_word' id='word_1_99' title='bbox 740 943 1031 1001; x_wconf 88' lang='lat' dir='ltr'><strong>maximeque</strong></span> <span class='ocrx_word' id='word_1_100' title='bbox 1062 943 1340 999; x_wconf 88' lang='lat' dir='ltr'><strong>disiunctae,</strong></span> <span class='ocrx_word' id='word_1_101' title='bbox 1391 946 1439 989; x_wconf 91' lang='lat' dir='ltr'><strong>et</strong></span> <span class='ocrx_word' id='word_1_102' title='bbox 1484 956 1589 989; x_wconf 90' lang='lat' dir='ltr'><strong>cum</strong></span> <span class='ocrx_word' id='word_1_103' title='bbox 1621 956 1774 989; x_wconf 91' lang='lat' dir='ltr'><strong>rerum</strong></span> <span class='ocrx_word' id='word_1_104' title='bbox 1805 944 2096 1002; x_wconf 88' lang='lat' dir='ltr'><strong>publicarum</strong></span> <span class='ocrx_word' id='word_1_105' title='bbox 2145 947 2304 1009; x_wconf 55' lang='lat' dir='ltr'><strong>statu.J</strong></span> 
     </span>
     <span class='ocr_line' id='line_1_13' title="bbox 245 1016 2306 1079; baseline -0 -19"><span class='ocrx_word' id='word_1_106' title='bbox 245 1016 557 1062; x_wconf 76' lang='lat' dir='ltr'><strong>cohaerebant</strong></span> <span class='ocrx_word' id='word_1_107' title='bbox 571 1018 618 1062; x_wconf 92' lang='lat' dir='ltr'><strong>et</strong></span> <span class='ocrx_word' id='word_1_108' title='bbox 630 1017 1012 1074; x_wconf 87' lang='lat' dir='ltr'><strong>praeceptoribus</strong></span> <span class='ocrx_word' id='word_1_109' title='bbox 1030 1017 1282 1061; x_wconf 87' lang='lat' dir='ltr'><strong>utebantur</strong></span> <span class='ocrx_word' id='word_1_110' title='bbox 1298 1016 1613 1062; x_wconf 85' lang='lat' dir='ltr'><strong>celeberrimis</strong></span> <span class='ocrx_word' id='word_1_111' title='bbox 1635 1016 2130 1075; x_wconf 88' lang='lat' dir='ltr'><strong>praeclarissimisque.</strong></span> <span class='ocrx_word' id='word_1_112' title='bbox 2151 1016 2276 1072; x_wconf 82' lang='lat' dir='ltr'><strong>Qua-</strong></span> <span class='ocrx_word' id='word_1_113' title='bbox 2295 1057 2306 1079; x_wconf 18' lang='grc'><strong>,1</strong></span> 
     </span>
     <span class='ocr_line' id='line_1_14' title="bbox 244 1087 2303 1146; baseline 0.002 -15"><span class='ocrx_word' id='word_1_114' title='bbox 244 1099 349 1131; x_wconf 90' lang='lat' dir='ltr'><strong>rum</strong></span> <span class='ocrx_word' id='word_1_115' title='bbox 370 1088 520 1133; x_wconf 89' lang='lat' dir='ltr'><strong>altera</strong></span> <span class='ocrx_word' id='word_1_116' title='bbox 539 1092 698 1145; x_wconf 88' lang='lat' dir='ltr'><strong>spreta</strong></span> <span class='ocrx_word' id='word_1_117' title='bbox 714 1087 952 1133; x_wconf 87' lang='lat' dir='ltr'><strong>Ciceronis</strong></span> <span class='ocrx_word' id='word_1_118' title='bbox 972 1090 1072 1132; x_wconf 90' lang='lat' dir='ltr'><strong>arte</strong></span> <span class='ocrx_word' id='word_1_119' title='bbox 1092 1088 1275 1133; x_wconf 90' lang='lat' dir='ltr'><strong>dicendi</strong></span> <span class='ocrx_word' id='word_1_120' title='bbox 1298 1100 1461 1145; x_wconf 90' lang='lat' dir='ltr'><strong>neque,</strong></span> <span class='ocrx_word' id='word_1_121' title='bbox 1484 1090 1535 1133; x_wconf 90' lang='lat' dir='ltr'><strong>ut</strong></span> <span class='ocrx_word' id='word_1_122' title='bbox 1554 1088 1633 1132; x_wconf 91' lang='lat' dir='ltr'><strong>ille</strong></span> <span class='ocrx_word' id='word_1_123' title='bbox 1654 1092 1913 1146; x_wconf 85' lang='lat' dir='ltr'><strong>censuerat,</strong></span> <span class='ocrx_word' id='word_1_124' title='bbox 1934 1092 1986 1133; x_wconf 91' lang='lat' dir='ltr'><strong>ut</strong></span> <span class='ocrx_word' id='word_1_125' title='bbox 2011 1089 2276 1135; x_wconf 79' lang='lat' dir='ltr'><strong>sententiae</strong></span> <span class='ocrx_word' id='word_1_126' title='bbox 2301 1134 2303 1137; x_wconf 81' lang='grc'>.</span> 
     </span>
     <span class='ocr_line' id='line_1_15' title="bbox 244 1159 2275 1219; baseline -0.001 -15"><span class='ocrx_word' id='word_1_127' title='bbox 244 1159 370 1205; x_wconf 90' lang='lat' dir='ltr'><strong>inter</strong></span> <span class='ocrx_word' id='word_1_128' title='bbox 401 1173 453 1205; x_wconf 88' lang='lat' dir='ltr'><strong>se</strong></span> <span class='ocrx_word' id='word_1_129' title='bbox 484 1163 623 1217; x_wconf 87' lang='lat' dir='ltr'><strong>aptae</strong></span> <span class='ocrx_word' id='word_1_130' title='bbox 671 1173 965 1217; x_wconf 84' lang='lat' dir='ltr'><strong>conexaeque</strong></span> <span class='ocrx_word' id='word_1_131' title='bbox 1016 1160 1300 1205; x_wconf 86' lang='lat' dir='ltr'><strong>necessitate</strong></span> <span class='ocrx_word' id='word_1_132' title='bbox 1332 1159 1532 1218; x_wconf 88' lang='lat' dir='ltr'><strong>quadam</strong></span> <span class='ocrx_word' id='word_1_133' title='bbox 1565 1160 1927 1217; x_wconf 88' lang='lat' dir='ltr'><strong>continerentur,</strong></span> <span class='ocrx_word' id='word_1_134' title='bbox 1978 1163 2303 1219; x_wconf 87' lang='lat' dir='ltr'><strong>prospectum</strong></span> 
     </span>
     <span class='ocr_line' id='line_1_16' title="bbox 244 1230 2308 1290; baseline 0.003 -14"><span class='ocrx_word' id='word_1_135' title='bbox 244 1234 332 1289; x_wconf 89' lang='lat' dir='ltr'><strong>est,</strong></span> <span class='ocrx_word' id='word_1_136' title='bbox 366 1244 516 1290; x_wconf 90' lang='lat' dir='ltr'><strong>neque</strong></span> <span class='ocrx_word' id='word_1_137' title='bbox 548 1235 738 1279; x_wconf 88' lang='lat' dir='ltr'><strong>servata</strong></span> <span class='ocrx_word' id='word_1_138' title='bbox 769 1232 1104 1290; x_wconf 86' lang='lat' dir='ltr'><strong>aequabilitate</strong></span> <span class='ocrx_word' id='word_1_139' title='bbox 1136 1232 1363 1277; x_wconf 87' lang='lat' dir='ltr'><strong>orationis</strong></span> <span class='ocrx_word' id='word_1_140' title='bbox 1396 1231 1597 1277; x_wconf 88' lang='lat' dir='ltr'><strong>uberiori</strong></span> <span class='ocrx_word' id='word_1_141' title='bbox 1639 1232 1861 1278; x_wconf 88' lang='lat' dir='ltr'><strong>materiae</strong></span> <span class='ocrx_word' id='word_1_142' title='bbox 1893 1232 2158 1278; x_wconf 90' lang='lat' dir='ltr'><strong>consultum</strong></span> <span class='ocrx_word' id='word_1_143' title='bbox 2182 1231 2269 1281; x_wconf 66' lang='lat' dir='ltr'><strong>est.</strong></span> <span class='ocrx_word' id='word_1_144' title='bbox 2303 1230 2308 1235; x_wconf 71' lang='grc'><strong>”</strong></span> 
     </span>
     <span class='ocr_line' id='line_1_17' title="bbox 244 1304 2390 1363; baseline 0.001 -16"><span class='ocrx_word' id='word_1_145' title='bbox 244 1304 406 1361; x_wconf 86' lang='lat' dir='ltr'><strong>Neque</strong></span> <span class='ocrx_word' id='word_1_146' title='bbox 438 1305 702 1349; x_wconf 86' lang='lat' dir='ltr'><strong>mirandum</strong></span> <span class='ocrx_word' id='word_1_147' title='bbox 735 1308 822 1360; x_wconf 87' lang='lat' dir='ltr'><strong>est,</strong></span> <span class='ocrx_word' id='word_1_148' title='bbox 856 1305 979 1361; x_wconf 92' lang='lat' dir='ltr'><strong>quod</strong></span> <span class='ocrx_word' id='word_1_149' title='bbox 1026 1305 1288 1348; x_wconf 90' lang='lat' dir='ltr'><strong>oratoribus</strong></span> <span class='ocrx_word' id='word_1_150' title='bbox 1340 1305 1549 1348; x_wconf 90' lang='lat' dir='ltr'><strong>uberiore</strong></span> <span class='ocrx_word' id='word_1_151' title='bbox 1599 1307 1647 1348; x_wconf 91' lang='lat' dir='ltr'><strong>et</strong></span> <span class='ocrx_word' id='word_1_152' title='bbox 1690 1305 1906 1349; x_wconf 89' lang='lat' dir='ltr'><strong>liberiore</strong></span> <span class='ocrx_word' id='word_1_153' title='bbox 1955 1305 2155 1349; x_wconf 87' lang='lat' dir='ltr'><strong>materia</strong></span> <span class='ocrx_word' id='word_1_154' title='bbox 2205 1306 2292 1362; x_wconf 69' lang='lat' dir='ltr'><strong>uti,</strong></span> <span class='ocrx_word' id='word_1_155' title='bbox 2382 1355 2390 1363; x_wconf 80' lang='lat'><strong>.</strong></span> 
     </span>
     <span class='ocr_line' id='line_1_18' title="bbox 244 1375 2275 1433; baseline 0.003 -13"><span class='ocrx_word' id='word_1_156' title='bbox 244 1388 337 1421; x_wconf 90' lang='lat' dir='ltr'><strong>non</strong></span> <span class='ocrx_word' id='word_1_157' title='bbox 370 1375 546 1421; x_wconf 87' lang='lat' dir='ltr'><strong>liceret.</strong></span> <span class='ocrx_word' id='word_1_158' title='bbox 579 1376 766 1421; x_wconf 85' lang='lat' dir='ltr'><strong>Etenim</strong></span> <span class='ocrx_word' id='word_1_159' title='bbox 800 1379 852 1421; x_wconf 89' lang='lat' dir='ltr'><strong>ut</strong></span> <span class='ocrx_word' id='word_1_160' title='bbox 885 1378 1025 1422; x_wconf 87' lang='lat' dir='ltr'><strong>antea</strong></span> <span class='ocrx_word' id='word_1_161' title='bbox 1056 1376 1103 1421; x_wconf 93' lang='lat' dir='ltr'><strong>in</strong></span> <span class='ocrx_word' id='word_1_162' title='bbox 1137 1375 1285 1422; x_wconf 87' lang='lat' dir='ltr'><strong>libera</strong></span> <span class='ocrx_word' id='word_1_163' title='bbox 1315 1389 1364 1421; x_wconf 93' lang='lat' dir='ltr'><strong>re</strong></span> <span class='ocrx_word' id='word_1_164' title='bbox 1405 1376 1592 1433; x_wconf 88' lang='lat' dir='ltr'><strong>publica</strong></span> <span class='ocrx_word' id='word_1_165' title='bbox 1623 1375 1902 1422; x_wconf 90' lang='lat' dir='ltr'><strong>iudiciorum</strong></span> <span class='ocrx_word' id='word_1_166' title='bbox 1934 1376 2054 1422; x_wconf 89' lang='lat' dir='ltr'><strong>ratio</strong></span> <span class='ocrx_word' id='word_1_167' title='bbox 2086 1376 2299 1424; x_wconf 82' lang='lat' dir='ltr'><strong>liberior</strong></span> 
     </span>
     <span class='ocr_line' id='line_1_19' title="bbox 0 1446 2275 1511; baseline 0.001 -20"><span class='ocrx_word' id='word_1_168' title='bbox 0 1483 40 1511; x_wconf 33' lang='lat'><strong>,4</strong></span> <span class='ocrx_word' id='word_1_169' title='bbox 243 1446 539 1504; x_wconf 86' lang='lat' dir='ltr'><strong>eloquentiae</strong></span> <span class='ocrx_word' id='word_1_170' title='bbox 573 1459 757 1504; x_wconf 92' lang='lat' dir='ltr'><strong>quoque</strong></span> <span class='ocrx_word' id='word_1_171' title='bbox 789 1447 885 1493; x_wconf 92' lang='lat' dir='ltr'><strong>vim</strong></span> <span class='ocrx_word' id='word_1_172' title='bbox 918 1448 1062 1504; x_wconf 86' lang='lat' dir='ltr'><strong>auxit,</strong></span> <span class='ocrx_word' id='word_1_173' title='bbox 1096 1460 1201 1492; x_wconf 92' lang='lat' dir='ltr'><strong>cum</strong></span> <span class='ocrx_word' id='word_1_174' title='bbox 1234 1447 1448 1505; x_wconf 87' lang='lat' dir='ltr'><strong>publicae</strong></span> <span class='ocrx_word' id='word_1_175' title='bbox 1481 1447 1529 1492; x_wconf 91' lang='lat' dir='ltr'><strong>in</strong></span> <span class='ocrx_word' id='word_1_176' title='bbox 1573 1447 1673 1492; x_wconf 86' lang='lat' dir='ltr'><strong>foro</strong></span> <span class='ocrx_word' id='word_1_177' title='bbox 1705 1450 1954 1505; x_wconf 85' lang='lat' dir='ltr'><strong>agerentur</strong></span> <span class='ocrx_word' id='word_1_178' title='bbox 1985 1459 2167 1504; x_wconf 82' lang='lat' dir='ltr'><strong>causae,</strong></span> <span class='ocrx_word' id='word_1_179' title='bbox 2205 1448 2275 1494; x_wconf 83' lang='lat' dir='ltr'><strong>ita</strong></span> 
     </span>
     <span class='ocr_line' id='line_1_20' title="bbox 0 1514 2302 1577; baseline 0.001 -15"><span class='ocrx_word' id='word_1_180' title='bbox 0 1518 60 1577; x_wconf 67' lang='grc' dir='ltr'>ξ</span> <span class='ocrx_word' id='word_1_181' title='bbox 242 1518 506 1575; x_wconf 86' lang='lat' dir='ltr'><strong>principum</strong></span> <span class='ocrx_word' id='word_1_182' title='bbox 538 1519 828 1575; x_wconf 89' lang='lat' dir='ltr'><strong>temporibus</strong></span> <span class='ocrx_word' id='word_1_183' title='bbox 861 1524 1069 1563; x_wconf 87' lang='lat' dir='ltr'><strong>oratores</strong></span> <span class='ocrx_word' id='word_1_184' title='bbox 1101 1523 1228 1563; x_wconf 89' lang='lat' dir='ltr'><strong>metu</strong></span> <span class='ocrx_word' id='word_1_185' title='bbox 1261 1519 1463 1575; x_wconf 83' lang='lat' dir='ltr'><strong>perculsi</strong></span> <span class='ocrx_word' id='word_1_186' title='bbox 1497 1519 1571 1563; x_wconf 91' lang='lat' dir='ltr'><strong>vel</strong></span> <span class='ocrx_word' id='word_1_187' title='bbox 1625 1522 1804 1564; x_wconf 90' lang='lat' dir='ltr'><strong>secreto</strong></span> <span class='ocrx_word' id='word_1_188' title='bbox 1856 1520 2058 1576; x_wconf 82' lang='lat' dir='ltr'><strong>agebant</strong></span> <span class='ocrx_word' id='word_1_189' title='bbox 2107 1514 2302 1565; x_wconf 72' lang='lat' dir='ltr'><strong>causas.</strong></span> 
     </span>
     <span class='ocr_line' id='line_1_21' title="bbox 46 1589 2273 1648; baseline 0.001 -11.961"><span class='ocrx_word' id='word_1_190' title='bbox 46 1589 61 1596; x_wconf 76' lang='grc'><strong>”</strong></span> <span class='ocrx_word' id='word_1_191' title='bbox 241 1590 316 1637; x_wconf 89' lang='lat' dir='ltr'><strong>vel</strong></span> <span class='ocrx_word' id='word_1_192' title='bbox 348 1590 396 1635; x_wconf 92' lang='lat' dir='ltr'><strong>in</strong></span> <span class='ocrx_word' id='word_1_193' title='bbox 430 1592 599 1635; x_wconf 90' lang='lat' dir='ltr'><strong>senatu</strong></span> <span class='ocrx_word' id='word_1_194' title='bbox 632 1591 868 1636; x_wconf 88' lang='lat' dir='ltr'><strong>orationes</strong></span> <span class='ocrx_word' id='word_1_195' title='bbox 900 1592 1136 1635; x_wconf 89' lang='lat' dir='ltr'><strong>habebant</strong></span> <span class='ocrx_word' id='word_1_196' title='bbox 1167 1590 1397 1636; x_wconf 87' lang='lat' dir='ltr'><strong>innoxias.</strong></span> <span class='ocrx_word' id='word_1_197' title='bbox 1431 1590 1594 1648; x_wconf 87' lang='lat' dir='ltr'><strong>Itaque</strong></span> <span class='ocrx_word' id='word_1_198' title='bbox 1628 1604 1731 1637; x_wconf 87' lang='lat' dir='ltr'><strong>cum</strong></span> <span class='ocrx_word' id='word_1_199' title='bbox 1764 1603 1925 1637; x_wconf 91' lang='lat' dir='ltr'><strong>eorum</strong></span> <span class='ocrx_word' id='word_1_200' title='bbox 1956 1591 2077 1637; x_wconf 90' lang='lat' dir='ltr'><strong>ratio</strong></span> <span class='ocrx_word' id='word_1_201' title='bbox 2127 1591 2176 1636; x_wconf 89' lang='grc' dir='ltr'><strong>ιιι</strong></span> <span class='ocrx_word' id='word_1_202' title='bbox 2218 1603 2273 1638; x_wconf 90' lang='lat' dir='ltr'><strong>eo</strong></span> 
     </span>
     <span class='ocr_line' id='line_1_22' title="bbox 239 1662 2274 1721; baseline 0 -14"><span class='ocrx_word' id='word_1_203' title='bbox 239 1664 425 1707; x_wconf 88' lang='lat' dir='ltr'><strong>tantum</strong></span> <span class='ocrx_word' id='word_1_204' title='bbox 458 1662 615 1721; x_wconf 87' lang='lat' dir='ltr'><strong>posita</strong></span> <span class='ocrx_word' id='word_1_205' title='bbox 647 1675 752 1708; x_wconf 90' lang='lat' dir='ltr'><strong>esse</strong></span> <span class='ocrx_word' id='word_1_206' title='bbox 784 1663 1036 1720; x_wconf 83' lang='lat' dir='ltr'><strong>videretur,</strong></span> <span class='ocrx_word' id='word_1_207' title='bbox 1070 1667 1122 1707; x_wconf 90' lang='lat' dir='ltr'><strong>ut</strong></span> <span class='ocrx_word' id='word_1_208' title='bbox 1172 1663 1502 1721; x_wconf 82' lang='lat' dir='ltr'><strong>exquisitiores</strong></span> <span class='ocrx_word' id='word_1_209' title='bbox 1530 1664 1578 1708; x_wconf 91' lang='lat' dir='ltr'><strong>in</strong></span> <span class='ocrx_word' id='word_1_210' title='bbox 1625 1663 1726 1708; x_wconf 88' lang='lat' dir='ltr'><strong>dies</strong></span> <span class='ocrx_word' id='word_1_211' title='bbox 1777 1663 2042 1721; x_wconf 90' lang='lat' dir='ltr'><strong>voluptates</strong></span> <span class='ocrx_word' id='word_1_212' title='bbox 2093 1663 2274 1720; x_wconf 87' lang='lat' dir='ltr'><strong>excogi-</strong></span> 
     </span>
     <span class='ocr_line' id='line_1_23' title="bbox 241 1733 2283 1793; baseline 0 -12"><span class='ocrx_word' id='word_1_213' title='bbox 241 1738 452 1781; x_wconf 89' lang='lat' dir='ltr'><strong>tarentur</strong></span> <span class='ocrx_word' id='word_1_214' title='bbox 494 1740 541 1781; x_wconf 94' lang='lat' dir='ltr'><strong>et</strong></span> <span class='ocrx_word' id='word_1_215' title='bbox 592 1733 761 1781; x_wconf 81' lang='lat' dir='ltr'><strong>sensus</strong></span> <span class='ocrx_word' id='word_1_216' title='bbox 812 1749 966 1781; x_wconf 88' lang='lat' dir='ltr'><strong>rerum</strong></span> <span class='ocrx_word' id='word_1_217' title='bbox 1017 1736 1253 1782; x_wconf 90' lang='lat' dir='ltr'><strong>suavitate</strong></span> <span class='ocrx_word' id='word_1_218' title='bbox 1298 1736 1584 1793; x_wconf 84' lang='lat' dir='ltr'><strong>languefacti</strong></span> <span class='ocrx_word' id='word_1_219' title='bbox 1633 1736 1689 1781; x_wconf 88' lang='lat' dir='ltr'><strong>ad</strong></span> <span class='ocrx_word' id='word_1_220' title='bbox 1741 1748 1886 1782; x_wconf 89' lang='lat' dir='ltr'><strong>novas</strong></span> <span class='ocrx_word' id='word_1_221' title='bbox 1938 1736 2283 1782; x_wconf 86' lang='lat' dir='ltr'><strong>oblectationes·</strong></span> 
     </span>
     <span class='ocr_line' id='line_1_24' title="bbox 239 1807 2276 1866; baseline 0 -13"><span class='ocrx_word' id='word_1_222' title='bbox 239 1808 565 1866; x_wconf 88' lang='lat' dir='ltr'><strong>percipiendas</strong></span> <span class='ocrx_word' id='word_1_223' title='bbox 597 1808 698 1865; x_wconf 85' lang='lat' dir='ltr'><strong>apti</strong></span> <span class='ocrx_word' id='word_1_224' title='bbox 732 1809 909 1860; x_wconf 90' lang='lat' dir='ltr'><strong>fierent,</strong></span> <span class='ocrx_word' id='word_1_225' title='bbox 942 1808 989 1852; x_wconf 92' lang='lat' dir='ltr'><strong>in</strong></span> <span class='ocrx_word' id='word_1_226' title='bbox 1012 1807 1206 1853; x_wconf 88' lang='lat' dir='ltr'><strong>dicendo</strong></span> <span class='ocrx_word' id='word_1_227' title='bbox 1239 1820 1437 1866; x_wconf 89' lang='lat' dir='ltr'><strong>quoque,</strong></span> <span class='ocrx_word' id='word_1_228' title='bbox 1471 1821 1590 1865; x_wconf 89' lang='lat' dir='ltr'><strong>quae</strong></span> <span class='ocrx_word' id='word_1_229' title='bbox 1622 1811 1763 1853; x_wconf 87' lang='lat' dir='ltr'><strong>antea</strong></span> <span class='ocrx_word' id='word_1_230' title='bbox 1795 1807 2101 1853; x_wconf 89' lang='lat' dir='ltr'><strong>admiratione</strong></span> <span class='ocrx_word' id='word_1_231' title='bbox 2132 1807 2276 1864; x_wconf 80' lang='lat' dir='ltr'><strong>digna</strong></span> 
     </span>
     <span class='ocr_line' id='line_1_25' title="bbox 241 1880 2376 1938; baseline -0.001 -11"><span class='ocrx_word' id='word_1_232' title='bbox 241 1882 346 1928; x_wconf 88' lang='lat' dir='ltr'><strong>visa</strong></span> <span class='ocrx_word' id='word_1_233' title='bbox 378 1883 528 1938; x_wconf 89' lang='lat' dir='ltr'><strong>erant,</strong></span> <span class='ocrx_word' id='word_1_234' title='bbox 562 1881 700 1926; x_wconf 91' lang='lat' dir='ltr'><strong>nihili</strong></span> <span class='ocrx_word' id='word_1_235' title='bbox 734 1882 1137 1932; x_wconf 86' lang='lat' dir='ltr'><strong>aestimabantur;</strong></span> <span class='ocrx_word' id='word_1_236' title='bbox 1170 1881 1314 1926; x_wconf 91' lang='lat' dir='ltr'><strong>immo</strong></span> <span class='ocrx_word' id='word_1_237' title='bbox 1348 1893 1456 1927; x_wconf 90' lang='lat' dir='ltr'><strong>vero</strong></span> <span class='ocrx_word' id='word_1_238' title='bbox 1489 1883 1764 1938; x_wconf 87' lang='lat' dir='ltr'><strong>argumenta</strong></span> <span class='ocrx_word' id='word_1_239' title='bbox 1806 1880 2036 1925; x_wconf 87' lang='lat' dir='ltr'><strong>eiusmodi</strong></span> <span class='ocrx_word' id='word_1_240' title='bbox 2087 1880 2271 1937; x_wconf 91' lang='lat' dir='ltr'><strong>conqui-</strong></span> <span class='ocrx_word' id='word_1_241' title='bbox 2368 1930 2376 1934; x_wconf 50' lang='grc'><strong>,</strong></span> 
     </span>
     <span class='ocr_line' id='line_1_26' title="bbox 240 1952 2457 2013; baseline -0 -16"><span class='ocrx_word' id='word_1_242' title='bbox 240 1955 477 2006; x_wconf 85' lang='lat' dir='ltr'><strong>rebantur,</strong></span> <span class='ocrx_word' id='word_1_243' title='bbox 512 1966 631 2010; x_wconf 87' lang='lat' dir='ltr'><strong>quae</strong></span> <span class='ocrx_word' id='word_1_244' title='bbox 663 1957 711 1997; x_wconf 88' lang='lat' dir='ltr'><strong>et</strong></span> <span class='ocrx_word' id='word_1_245' title='bbox 742 1955 987 1998; x_wconf 89' lang='lat' dir='ltr'><strong>verborum</strong></span> <span class='ocrx_word' id='word_1_246' title='bbox 1022 1957 1069 1997; x_wconf 90' lang='lat' dir='ltr'><strong>et</strong></span> <span class='ocrx_word' id='word_1_247' title='bbox 1120 1953 1749 1997; x_wconf 85' lang='lat' dir='ltr'><strong>sententiarum.insolentia</strong></span> <span class='ocrx_word' id='word_1_248' title='bbox 1779 1952 2068 1996; x_wconf 90' lang='lat' dir='ltr'><strong>audientium</strong></span> <span class='ocrx_word' id='word_1_249' title='bbox 2089 1952 2273 1997; x_wconf 89' lang='lat' dir='ltr'><strong>animos</strong></span> <span class='ocrx_word' id='word_1_250' title='bbox 2330 2002 2333 2004; x_wconf 6' lang='grc' dir='ltr'>μ</span> <span class='ocrx_word' id='word_1_251' title='bbox 2377 1952 2457 2013; x_wconf 56' lang='lat'><strong>4³³3*</strong></span> 
     </span>
     <span class='ocr_line' id='line_1_27' title="bbox 241 2009 2374 2082; baseline -0 -12"><span class='ocrx_word' id='word_1_252' title='bbox 241 2025 664 2082; x_wconf 82' lang='lat' dir='ltr'><strong>obstupefacerent.</strong></span> <span class='ocrx_word' id='word_1_253' title='bbox 686 2024 818 2078; x_wconf 81' lang='lat' dir='ltr'><strong>Quae</strong></span> <span class='ocrx_word' id='word_1_254' title='bbox 845 2038 950 2070; x_wconf 92' lang='lat' dir='ltr'><strong>cum</strong></span> <span class='ocrx_word' id='word_1_255' title='bbox 982 2026 1052 2071; x_wconf 91' lang='lat' dir='ltr'><strong>ita</strong></span> <span class='ocrx_word' id='word_1_256' title='bbox 1082 2027 1256 2076; x_wconf 91' lang='lat' dir='ltr'><strong>essent,</strong></span> <span class='ocrx_word' id='word_1_257' title='bbox 1277 2025 1492 2082; x_wconf 92' lang='lat' dir='ltr'><strong>periodos</strong></span> <span class='ocrx_word' id='word_1_258' title='bbox 1513 2025 1764 2069; x_wconf 89' lang='lat' dir='ltr'><strong>artificiose</strong></span> <span class='ocrx_word' id='word_1_259' title='bbox 1783 2023 2097 2079; x_wconf 80' lang='lat' dir='ltr'><strong>conformatas</strong></span> <span class='ocrx_word' id='word_1_260' title='bbox 2116 2023 2274 2071; x_wconf 85' lang='lat' dir='ltr'><strong>minus</strong></span> <span class='ocrx_word' id='word_1_261' title='bbox 2304 2072 2310 2079; x_wconf 60' lang='grc'><em>,</em></span> <span class='ocrx_word' id='word_1_262' title='bbox 2368 2009 2374 2021; x_wconf 63' lang='grc'><em>’</em></span> 
     </span>
     <span class='ocr_line' id='line_1_28' title="bbox 240 2095 2274 2156; baseline -0.001 -12"><span class='ocrx_word' id='word_1_263' title='bbox 240 2097 501 2156; x_wconf 89' lang='lat' dir='ltr'><strong>probabant</strong></span> <span class='ocrx_word' id='word_1_264' title='bbox 522 2108 772 2155; x_wconf 89' lang='lat' dir='ltr'><strong>earumque</strong></span> <span class='ocrx_word' id='word_1_265' title='bbox 793 2096 891 2144; x_wconf 89' lang='lat' dir='ltr'><strong>loco</strong></span> <span class='ocrx_word' id='word_1_266' title='bbox 912 2096 1122 2143; x_wconf 89' lang='lat' dir='ltr'><strong>oratione</strong></span> <span class='ocrx_word' id='word_1_267' title='bbox 1143 2107 1309 2155; x_wconf 89' lang='lat' dir='ltr'><strong>pressa</strong></span> <span class='ocrx_word' id='word_1_268' title='bbox 1332 2099 1479 2155; x_wconf 87' lang='lat' dir='ltr'><strong>atque</strong></span> <span class='ocrx_word' id='word_1_269' title='bbox 1507 2096 1697 2142; x_wconf 87' lang='lat' dir='ltr'><strong>concisa</strong></span> <span class='ocrx_word' id='word_1_270' title='bbox 1716 2096 1981 2149; x_wconf 88' lang='lat' dir='ltr'><strong>utebantur,</strong></span> <span class='ocrx_word' id='word_1_271' title='bbox 2010 2095 2274 2142; x_wconf 82' lang='lat' dir='ltr'><strong>sententias</strong></span> 
     </span>
    </p>

    <p class='ocr_par' dir='ltr' id='par_1_3' title="bbox 242 2168 2274 2225">
     <span class='ocr_line' id='line_1_29' title="bbox 242 2168 2274 2225; baseline -0 -12"><span class='ocrx_word' id='word_1_272' title='bbox 242 2172 398 2214; x_wconf 90' lang='lat' dir='ltr'><strong>autem</strong></span> <span class='ocrx_word' id='word_1_273' title='bbox 418 2170 487 2213; x_wconf 87' lang='lat' dir='ltr'><strong>ita</strong></span> <span class='ocrx_word' id='word_1_274' title='bbox 506 2171 803 2213; x_wconf 87' lang='lat' dir='ltr'><strong>invertebant</strong></span> <span class='ocrx_word' id='word_1_275' title='bbox 823 2172 932 2225; x_wconf 89' lang='lat' dir='ltr'><strong>atqe</strong></span> <span class='ocrx_word' id='word_1_276' title='bbox 948 2171 1071 2213; x_wconf 90' lang='lat' dir='ltr'><strong>inter</strong></span> <span class='ocrx_word' id='word_1_277' title='bbox 1091 2181 1142 2213; x_wconf 89' lang='lat' dir='ltr'><strong>se</strong></span> <span class='ocrx_word' id='word_1_278' title='bbox 1163 2169 1523 2225; x_wconf 86' lang='lat' dir='ltr'><strong>coniungebant‚</strong></span> <span class='ocrx_word' id='word_1_279' title='bbox 1541 2172 1592 2212; x_wconf 94' lang='lat' dir='ltr'><strong>ut</strong></span> <span class='ocrx_word' id='word_1_280' title='bbox 1606 2169 1720 2212; x_wconf 90' lang='lat' dir='ltr'><strong>trita</strong></span> <span class='ocrx_word' id='word_1_281' title='bbox 1733 2180 1916 2224; x_wconf 82' lang='lat' dir='ltr'><strong>quoque</strong></span> <span class='ocrx_word' id='word_1_282' title='bbox 1930 2180 1985 2212; x_wconf 88' lang='lat' dir='ltr'><strong>ac</strong></span> <span class='ocrx_word' id='word_1_283' title='bbox 1999 2168 2274 2224; x_wconf 83' lang='lat' dir='ltr'><strong>pervulgata</strong></span> 
     </span>
    </p>

    <p class='ocr_par' dir='ltr' id='par_1_4' title="bbox 241 2232 2460 2372">
     <span class='ocr_line' id='line_1_30' title="bbox 242 2232 2273 2298; baseline -0 -12"><span class='ocrx_word' id='word_1_284' title='bbox 242 2255 411 2288; x_wconf 90' lang='lat' dir='ltr'><strong>novam</strong></span> <span class='ocrx_word' id='word_1_285' title='bbox 432 2242 664 2298; x_wconf 87' lang='lat' dir='ltr'><strong>quandam</strong></span> <span class='ocrx_word' id='word_1_286' title='bbox 685 2243 891 2297; x_wconf 85' lang='lat' dir='ltr'><strong>speciem</strong></span> <span class='ocrx_word' id='word_1_287' title='bbox 911 2245 1139 2297; x_wconf 86' lang='lat' dir='ltr'><strong>gererent.</strong></span> <span class='ocrx_word' id='word_1_288' title='bbox 1163 2241 1235 2286; x_wconf 88' lang='lat' dir='ltr'><strong>Ita</strong></span> <span class='ocrx_word' id='word_1_289' title='bbox 1254 2254 1280 2285; x_wconf 89' lang='lat' dir='ltr'><strong>a</strong></span> <span class='ocrx_word' id='word_1_290' title='bbox 1300 2241 1484 2286; x_wconf 88' lang='lat' dir='ltr'><strong>sincera</strong></span> <span class='ocrx_word' id='word_1_291' title='bbox 1504 2241 1586 2285; x_wconf 91' lang='lat' dir='ltr'><strong>illa</strong></span> <span class='ocrx_word' id='word_1_292' title='bbox 1605 2240 1789 2285; x_wconf 87' lang='lat' dir='ltr'><strong>dicendi</strong></span> <span class='ocrx_word' id='word_1_293' title='bbox 1809 2239 1987 2285; x_wconf 85' lang='lat' dir='ltr'><strong>ratione</strong></span> <span class='ocrx_word' id='word_1_294' title='bbox 2001 2232 2273 2285; x_wconf 80' lang='lat' dir='ltr'><strong>aberrantes</strong></span> 
     </span>
     <span class='ocr_line' id='line_1_31' title="bbox 241 2311 2460 2372; baseline -0.001 -11"><span class='ocrx_word' id='word_1_295' title='bbox 241 2316 450 2361; x_wconf 83' lang='lat' dir='ltr'><strong>oratores</strong></span> <span class='ocrx_word' id='word_1_296' title='bbox 470 2314 835 2360; x_wconf 86' lang='lat' dir='ltr'><strong>ostentationem</strong></span> <span class='ocrx_word' id='word_1_297' title='bbox 856 2316 917 2371; x_wconf 89' lang='lat' dir='ltr'><strong>et,</strong></span> <span class='ocrx_word' id='word_1_298' title='bbox 940 2316 991 2358; x_wconf 90' lang='lat' dir='ltr'><strong>ut</strong></span> <span class='ocrx_word' id='word_1_299' title='bbox 1012 2313 1241 2359; x_wconf 87' lang='lat' dir='ltr'><strong>Walterus</strong></span> <span class='ocrx_word' id='word_1_300' title='bbox 1267 2312 1434 2372; x_wconf 80' lang='lat' dir='ltr'><strong>dicit‚²)</strong></span> <span class='ocrx_word' id='word_1_301' title='bbox 1455 2313 1804 2360; x_wconf 84' lang='lat' dir='ltr'><strong>simulationem</strong></span> <span class='ocrx_word' id='word_1_302' title='bbox 1829 2311 2061 2371; x_wconf 87' lang='lat' dir='ltr'><strong>quandam</strong></span> <span class='ocrx_word' id='word_1_303' title='bbox 2085 2311 2274 2358; x_wconf 83' lang='lat' dir='ltr'><strong>induxe-</strong></span> <span class='ocrx_word' id='word_1_304' title='bbox 2445 2364 2460 2371; x_wconf 21' lang='grc' dir='ltr'><strong>λ,</strong></span> 
     </span>
    </p>

    <p class='ocr_par' dir='ltr' id='par_1_5' title="bbox 242 2376 2452 2442">
     <span class='ocr_line' id='line_1_32' title="bbox 242 2376 2452 2442; baseline 0 -11"><span class='ocrx_word' id='word_1_305' title='bbox 242 2390 365 2431; x_wconf 90' lang='lat' dir='ltr'><strong>runt.</strong></span> <span class='ocrx_word' id='word_1_306' title='bbox 389 2388 540 2442; x_wconf 89' lang='lat' dir='ltr'><strong>Atque</strong></span> <span class='ocrx_word' id='word_1_307' title='bbox 555 2387 735 2441; x_wconf 90' lang='lat' dir='ltr'><strong>primus</strong></span> <span class='ocrx_word' id='word_1_308' title='bbox 756 2387 944 2442; x_wconf 89' lang='lat' dir='ltr'><strong>quidem</strong></span> <span class='ocrx_word' id='word_1_309' title='bbox 962 2399 990 2430; x_wconf 92' lang='lat' dir='ltr'><strong>a</strong></span> <span class='ocrx_word' id='word_1_310' title='bbox 1011 2390 1169 2431; x_wconf 89' lang='lat' dir='ltr'><strong>vetere</strong></span> <span class='ocrx_word' id='word_1_311' title='bbox 1190 2387 1272 2430; x_wconf 86' lang='lat' dir='ltr'><strong>illa</strong></span> <span class='ocrx_word' id='word_1_312' title='bbox 1288 2389 1428 2442; x_wconf 89' lang='lat' dir='ltr'><strong>atque</strong></span> <span class='ocrx_word' id='word_1_313' title='bbox 1448 2386 1627 2430; x_wconf 88' lang='lat' dir='ltr'><strong>directa</strong></span> <span class='ocrx_word' id='word_1_314' title='bbox 1645 2385 1829 2429; x_wconf 90' lang='lat' dir='ltr'><strong>dicendi</strong></span> <span class='ocrx_word' id='word_1_315' title='bbox 1850 2385 1928 2430; x_wconf 88' lang='lat' dir='ltr'><strong>via</strong></span> <span class='ocrx_word' id='word_1_316' title='bbox 1957 2385 2145 2429; x_wconf 88' lang='lat' dir='ltr'><strong>deflexit</strong></span> <span class='ocrx_word' id='word_1_317' title='bbox 2164 2384 2272 2437; x_wconf 53' lang='lat' dir='ltr'><strong>Cane</strong></span> <span class='ocrx_word' id='word_1_318' title='bbox 2293 2418 2297 2422; x_wconf 82' lang='lat'><strong>.</strong></span> <span class='ocrx_word' id='word_1_319' title='bbox 2394 2376 2452 2442; x_wconf 60' lang='grc' dir='ltr'><strong>Ᾰῖζζ</strong></span> 
     </span>
    </p>

    <p class='ocr_par' dir='ltr' id='par_1_6' title="bbox 242 2454 2451 2590">
     <span class='ocr_line' id='line_1_33' title="bbox 242 2454 2447 2524; baseline -0.001 -20"><span class='ocrx_word' id='word_1_320' title='bbox 242 2459 343 2504; x_wconf 86' lang='lat' dir='ltr'><strong>sius</strong></span> <span class='ocrx_word' id='word_1_321' title='bbox 359 2457 563 2504; x_wconf 83' lang='lat' dir='ltr'><strong>Severus</strong></span> <span class='ocrx_word' id='word_1_322' title='bbox 578 2460 746 2515; x_wconf 83' lang='lat' dir='ltr'><strong>orator,</strong></span> <span class='ocrx_word' id='word_1_323' title='bbox 753 2458 784 2513; x_wconf 78' lang='lat'><strong>³)</strong></span> <span class='ocrx_word' id='word_1_324' title='bbox 800 2470 891 2504; x_wconf 90' lang='lat' dir='ltr'><strong>non</strong></span> <span class='ocrx_word' id='word_1_325' title='bbox 907 2458 1180 2503; x_wconf 81' lang='lat' dir='ltr'><strong>infirmitate</strong></span> <span class='ocrx_word' id='word_1_326' title='bbox 1196 2457 1373 2515; x_wconf 86' lang='lat' dir='ltr'><strong>ingenii</strong></span> <span class='ocrx_word' id='word_1_327' title='bbox 1389 2470 1539 2516; x_wconf 91' lang='lat' dir='ltr'><strong>neque</strong></span> <span class='ocrx_word' id='word_1_328' title='bbox 1553 2456 1744 2503; x_wconf 88' lang='lat' dir='ltr'><strong>inscitia</strong></span> <span class='ocrx_word' id='word_1_329' title='bbox 1756 2455 2033 2513; x_wconf 88' lang='lat' dir='ltr'><strong>litterarum,</strong></span> <span class='ocrx_word' id='word_1_330' title='bbox 2054 2454 2136 2502; x_wconf 90' lang='lat' dir='ltr'><strong>sed</strong></span> <span class='ocrx_word' id='word_1_331' title='bbox 2149 2454 2272 2514; x_wconf 90' lang='lat' dir='ltr'><strong>quod</strong></span> <span class='ocrx_word' id='word_1_332' title='bbox 2293 2494 2295 2499; x_wconf 96' lang='lat'><strong>.</strong></span> <span class='ocrx_word' id='word_1_333' title='bbox 2317 2476 2322 2487; x_wconf 78' lang='lat'>=</span> <span class='ocrx_word' id='word_1_334' title='bbox 2337 2485 2339 2487; x_wconf 84' lang='lat'>·</span> <span class='ocrx_word' id='word_1_335' title='bbox 2352 2460 2451 2524; x_wconf 30' lang='grc' dir='ltr'><strong>-ῗζὶζ</strong></span> 
     </span>
     <span class='ocr_line' id='line_1_34' title="bbox 242 2522 2441 2590; baseline -0.002 -14"><span class='ocrx_word' id='word_1_336' title='bbox 242 2529 638 2576; x_wconf 88' lang='lat' dir='ltr'><strong>animadverterat</strong></span> <span class='ocrx_word' id='word_1_337' title='bbox 661 2542 793 2587; x_wconf 90' lang='lat' dir='ltr'><strong>„cum</strong></span> <span class='ocrx_word' id='word_1_338' title='bbox 814 2530 1086 2575; x_wconf 88' lang='lat' dir='ltr'><strong>condicione</strong></span> <span class='ocrx_word' id='word_1_339' title='bbox 1107 2533 1366 2587; x_wconf 90' lang='lat' dir='ltr'><strong>temporum</strong></span> <span class='ocrx_word' id='word_1_340' title='bbox 1385 2532 1433 2574; x_wconf 91' lang='lat' dir='ltr'><strong>et</strong></span> <span class='ocrx_word' id='word_1_341' title='bbox 1452 2529 1728 2574; x_wconf 88' lang='lat' dir='ltr'><strong>diversitate</strong></span> <span class='ocrx_word' id='word_1_342' title='bbox 1744 2528 1928 2573; x_wconf 88' lang='lat' dir='ltr'><strong>aurium</strong></span> <span class='ocrx_word' id='word_1_343' title='bbox 1945 2527 2143 2572; x_wconf 84' lang='lat' dir='ltr'><strong>formam</strong></span> <span class='ocrx_word' id='word_1_344' title='bbox 2163 2522 2273 2586; x_wconf 53' lang='lat' dir='ltr'><strong>quo}</strong></span> <span class='ocrx_word' id='word_1_345' title='bbox 2291 2553 2301 2590; x_wconf 75' lang='lat' dir='ltr'>J</span> <span class='ocrx_word' id='word_1_346' title='bbox 2323 2560 2329 2564; x_wconf 84' lang='grc'><strong>-.</strong></span> <span class='ocrx_word' id='word_1_347' title='bbox 2359 2525 2445 2566; x_wconf 54' lang='grc' dir='ltr'><strong>’“’.&gt;’·“ἶ’-’</strong></span> 
     </span>
    </p>

    <p class='ocr_par' dir='ltr' id='par_1_7' title="bbox 242 2589 2428 2803">
     <span class='ocr_line' id='line_1_35' title="bbox 242 2589 2428 2661; baseline 0 -16"><span class='ocrx_word' id='word_1_348' title='bbox 242 2614 332 2659; x_wconf 91' lang='lat' dir='ltr'><strong>que</strong></span> <span class='ocrx_word' id='word_1_349' title='bbox 352 2605 400 2645; x_wconf 90' lang='lat' dir='ltr'><strong>et</strong></span> <span class='ocrx_word' id='word_1_350' title='bbox 420 2603 623 2658; x_wconf 90' lang='lat' dir='ltr'><strong>speciem</strong></span> <span class='ocrx_word' id='word_1_351' title='bbox 645 2591 873 2645; x_wconf 86' lang='lat' dir='ltr'><strong>orationis</strong></span> <span class='ocrx_word' id='word_1_352' title='bbox 903 2614 1008 2645; x_wconf 87' lang='lat' dir='ltr'><strong>esse</strong></span> <span class='ocrx_word' id='word_1_353' title='bbox 1041 2602 1357 2645; x_wconf 88' lang='lat' dir='ltr'><strong>mutandam“.</strong></span> <span class='ocrx_word' id='word_1_354' title='bbox 1389 2601 1588 2651; x_wconf 87' lang='lat' dir='ltr'><strong>Valebat</strong></span> <span class='ocrx_word' id='word_1_355' title='bbox 1617 2604 1773 2644; x_wconf 85' lang='lat' dir='ltr'><strong>autem</strong></span> <span class='ocrx_word' id='word_1_356' title='bbox 1792 2601 1908 2644; x_wconf 87' lang='lat' dir='ltr'><strong>haec</strong></span> <span class='ocrx_word' id='word_1_357' title='bbox 1936 2595 2121 2644; x_wconf 87' lang='lat' dir='ltr'><strong>dicendi</strong></span> <span class='ocrx_word' id='word_1_358' title='bbox 2149 2600 2271 2645; x_wconf 86' lang='lat' dir='ltr'><strong>ratio</strong></span> <span class='ocrx_word' id='word_1_359' title='bbox 2341 2589 2428 2661; x_wconf 42' lang='grc' dir='ltr'><em>ᾗῇ</em></span> 
     </span>
     <span class='ocr_line' id='line_1_36' title="bbox 242 2670 2272 2731; baseline 0 -11"><span class='ocrx_word' id='word_1_360' title='bbox 242 2674 444 2720; x_wconf 89' lang='lat' dir='ltr'><strong>maxime</strong></span> <span class='ocrx_word' id='word_1_361' title='bbox 460 2674 642 2719; x_wconf 89' lang='lat' dir='ltr'><strong>Nerone</strong></span> <span class='ocrx_word' id='word_1_362' title='bbox 661 2673 873 2731; x_wconf 87' lang='lat' dir='ltr'><strong>principe</strong></span> <span class='ocrx_word' id='word_1_363' title='bbox 895 2674 1091 2731; x_wconf 90' lang='lat' dir='ltr'><strong>eiusque</strong></span> <span class='ocrx_word' id='word_1_364' title='bbox 1117 2676 1278 2719; x_wconf 89' lang='lat' dir='ltr'><strong>auctor</strong></span> <span class='ocrx_word' id='word_1_365' title='bbox 1297 2673 1482 2720; x_wconf 90' lang='lat' dir='ltr'><strong>exstitit</strong></span> <span class='ocrx_word' id='word_1_366' title='bbox 1511 2673 1560 2718; x_wconf 89' lang='lat' dir='ltr'><strong>L.</strong></span> <span class='ocrx_word' id='word_1_367' title='bbox 1584 2673 1806 2719; x_wconf 88' lang='lat' dir='ltr'><strong>Annaeus</strong></span> <span class='ocrx_word' id='word_1_368' title='bbox 1826 2671 2018 2719; x_wconf 85' lang='lat' dir='ltr'><strong>Seneca.</strong></span> <span class='ocrx_word' id='word_1_369' title='bbox 2044 2670 2272 2727; x_wconf 72' lang='lat' dir='ltr'><strong>Quamvis</strong></span> 
     </span>
     <span class='ocr_line' id='line_1_37' title="bbox 243 2736 2323 2803; baseline -0.001 -11"><span class='ocrx_word' id='word_1_370' title='bbox 243 2746 369 2792; x_wconf 93' lang='lat' dir='ltr'><strong>enim</strong></span> <span class='ocrx_word' id='word_1_371' title='bbox 390 2746 438 2790; x_wconf 91' lang='lat' dir='ltr'><strong>in</strong></span> <span class='ocrx_word' id='word_1_372' title='bbox 460 2757 513 2791; x_wconf 93' lang='lat' dir='ltr'><strong>eo</strong></span> <span class='ocrx_word' id='word_1_373' title='bbox 533 2745 710 2790; x_wconf 89' lang='lat' dir='ltr'><strong>fuerit</strong></span> <span class='ocrx_word' id='word_1_374' title='bbox 697 2746 939 2802; x_wconf 86' lang='lat' dir='ltr'><strong>mgenium</strong></span> <span class='ocrx_word' id='word_1_375' title='bbox 960 2746 1215 2803; x_wconf 88' lang='lat' dir='ltr'><strong>copiosum,</strong></span> <span class='ocrx_word' id='word_1_376' title='bbox 1252 2746 1502 2803; x_wconf 90' lang='lat' dir='ltr'><strong>plurimum</strong></span> <span class='ocrx_word' id='word_1_377' title='bbox 1523 2743 1683 2801; x_wconf 89' lang='lat' dir='ltr'><strong>studii,</strong></span> <span class='ocrx_word' id='word_1_378' title='bbox 1705 2757 1875 2802; x_wconf 79' lang='lat' dir='ltr'><strong>magna</strong></span> <span class='ocrx_word' id='word_1_379' title='bbox 1893 2757 2047 2790; x_wconf 90' lang='lat' dir='ltr'><strong>rerum</strong></span> <span class='ocrx_word' id='word_1_380' title='bbox 2064 2744 2272 2801; x_wconf 85' lang='lat' dir='ltr'><strong>cognitio</strong></span> <span class='ocrx_word' id='word_1_381' title='bbox 2322 2736 2323 2739; x_wconf 49' lang='lat'>&#39;</span> 
     </span>
    </p>

    <p class='ocr_par' dir='ltr' id='par_1_8' title="bbox 242 2808 2389 2948">
     <span class='ocr_line' id='line_1_38' title="bbox 242 2808 2383 2887; baseline -0.003 -23"><span class='ocrx_word' id='word_1_382' title='bbox 242 2818 460 2876; x_wconf 85' lang='lat' dir='ltr'><strong>quamvis</strong></span> <span class='ocrx_word' id='word_1_383' title='bbox 477 2818 676 2863; x_wconf 89' lang='lat' dir='ltr'><strong>multae</strong></span> <span class='ocrx_word' id='word_1_384' title='bbox 665 2831 714 2863; x_wconf 88' lang='lat' dir='ltr'><strong>m</strong></span> <span class='ocrx_word' id='word_1_385' title='bbox 729 2831 783 2863; x_wconf 93' lang='lat' dir='ltr'><strong>eo</strong></span> <span class='ocrx_word' id='word_1_386' title='bbox 798 2818 1041 2876; x_wconf 89' lang='lat' dir='ltr'><strong>claraeque</strong></span> <span class='ocrx_word' id='word_1_387' title='bbox 1056 2814 1335 2875; x_wconf 89' lang='lat' dir='ltr'><strong>sententiae,</strong></span> <span class='ocrx_word' id='word_1_388' title='bbox 1362 2821 1518 2863; x_wconf 91' lang='lat' dir='ltr'><strong>tamen</strong></span> <span class='ocrx_word' id='word_1_389' title='bbox 1543 2817 1591 2862; x_wconf 92' lang='lat' dir='ltr'><strong>in</strong></span> <span class='ocrx_word' id='word_1_390' title='bbox 1612 2816 1880 2875; x_wconf 89' lang='lat' dir='ltr'><strong>eloquentia</strong></span> <span class='ocrx_word' id='word_1_391' title='bbox 1901 2819 2035 2863; x_wconf 91' lang='lat' dir='ltr'><strong>erant</strong></span> <span class='ocrx_word' id='word_1_392' title='bbox 2055 2814 2274 2887; x_wconf 76' lang='lat' dir='ltr'><strong>corrupta</strong></span> <span class='ocrx_word' id='word_1_393' title='bbox 2320 2808 2383 2879; x_wconf 52' lang='grc' dir='ltr'><strong>’[ῗέ</strong></span> 
     </span>
     <span class='ocr_line' id='line_1_39' title="bbox 242 2878 2293 2948; baseline 0 -13"><span class='ocrx_word' id='word_1_394' title='bbox 242 2891 465 2948; x_wconf 88' lang='lat' dir='ltr'><strong>pleraque</strong></span> <span class='ocrx_word' id='word_1_395' title='bbox 495 2892 635 2947; x_wconf 89' lang='lat' dir='ltr'><strong>atque</strong></span> <span class='ocrx_word' id='word_1_396' title='bbox 668 2903 722 2935; x_wconf 93' lang='lat' dir='ltr'><strong>eo</strong></span> <span class='ocrx_word' id='word_1_397' title='bbox 774 2890 1122 2947; x_wconf 87' lang='lat' dir='ltr'><strong>perniciosiora,</strong></span> <span class='ocrx_word' id='word_1_398' title='bbox 1157 2890 1277 2947; x_wconf 89' lang='lat' dir='ltr'><strong>quod</strong></span> <span class='ocrx_word' id='word_1_399' title='bbox 1309 2889 1607 2935; x_wconf 89' lang='lat' dir='ltr'><strong>abundabant</strong></span> <span class='ocrx_word' id='word_1_400' title='bbox 1639 2889 1851 2934; x_wconf 89' lang='lat' dir='ltr'><strong>dulcibus</strong></span> <span class='ocrx_word' id='word_1_401' title='bbox 1885 2888 2033 2935; x_wconf 89' lang='lat' dir='ltr'><strong>vitiis.</strong></span> <span class='ocrx_word' id='word_1_402' title='bbox 2038 2889 2071 2945; x_wconf 75' lang='grc'><strong>4)</strong></span> <span class='ocrx_word' id='word_1_403' title='bbox 2106 2878 2293 2946; x_wconf 65' lang='grc' dir='ltr'>Ιιαιιιίθῑ·</span> 
     </span>
    </p>
   </div>
   <div class='ocr_carea' id='block_1_3' title="bbox 0 261 2452 733">
    <p class='ocr_par' dir='ltr' id='par_1_9' title="bbox 0 261 2452 733">
     <span class='ocr_line' id='line_1_40' title="bbox 0 261 248 386; baseline 0 0"><span class='ocrx_word' id='word_1_404' title='bbox 0 261 248 386; x_wconf 95' lang='lat' dir='ltr'><strong>  </strong></span> 
     </span>
     <span class='ocr_line' id='line_1_41' title="bbox 0 386 2452 599; baseline 0 0"><span class='ocrx_word' id='word_1_405' title='bbox 0 386 248 599; x_wconf 95' lang='lat' dir='ltr'><strong>    </strong></span> <span class='ocrx_word' id='word_1_406' title='bbox 2138 459 2452 599; x_wconf 95' lang='lat' dir='ltr'><strong>  </strong></span> 
     </span>
     <span class='ocr_line' id='line_1_42' title="bbox 0 599 164 672; baseline 0 2800"><span class='ocrx_word' id='word_1_407' title='bbox 0 599 164 672; x_wconf 95' lang='lat' dir='ltr'><strong> </strong></span> 
     </span>
     <span class='ocr_line' id='line_1_43' title="bbox 0 672 157 733; baseline 0 2739"><span class='ocrx_word' id='word_1_408' title='bbox 0 672 157 733; x_wconf 95' lang='lat' dir='ltr'><strong> </strong></span> 
     </span>
    </p>
   </div>
   <div class='ocr_carea' id='block_1_4' title="bbox 0 599 2461 887">
    <p class='ocr_par' dir='ltr' id='par_1_10' title="bbox 0 599 2461 887">
     <span class='ocr_line' id='line_1_44' title="bbox 2221 599 2461 672; baseline 0 0"><span class='ocrx_word' id='word_1_409' title='bbox 2221 599 2461 672; x_wconf 95' lang='lat' dir='ltr'><strong>  </strong></span> 
     </span>
     <span class='ocr_line' id='line_1_45' title="bbox 0 672 2461 887; baseline 0 0"><span class='ocrx_word' id='word_1_410' title='bbox 0 733 157 887; x_wconf 95' lang='lat' dir='ltr'><strong>  </strong></span> <span class='ocrx_word' id='word_1_411' title='bbox 2276 672 2461 733; x_wconf 95' lang='lat' dir='ltr'><strong> </strong></span> 
     </span>
    </p>
   </div>
   <div class='ocr_carea' id='block_1_5' title="bbox 0 733 2461 1782">
    <p class='ocr_par' dir='ltr' id='par_1_11' title="bbox 0 733 2461 1782">
     <span class='ocr_line' id='line_1_46' title="bbox 2207 733 2461 814; baseline 0 0"><span class='ocrx_word' id='word_1_412' title='bbox 2207 733 2461 814; x_wconf 95' lang='lat' dir='ltr'><strong>  </strong></span> 
     </span>
     <span class='ocr_line' id='line_1_47' title="bbox 0 814 2461 1782; baseline 0 -823"><span class='ocrx_word' id='word_1_413' title='bbox 0 887 154 959; x_wconf 95' lang='lat' dir='ltr'><strong> </strong></span> <span class='ocrx_word' id='word_1_414' title='bbox 2276 814 2461 1782; x_wconf 95' lang='lat' dir='ltr'><strong>   </strong></span> 
     </span>
    </p>
   </div>
   <div class='ocr_carea' id='block_1_6' title="bbox 241 2987 531 2994">
    <p class='ocr_par' dir='ltr' id='par_1_12' title="bbox 241 2987 531 2994">
     <span class='ocr_line' id='line_1_48' title="bbox 241 2987 531 2994; baseline 0 478"><span class='ocrx_word' id='word_1_415' title='bbox 241 2987 531 2994; x_wconf 95' lang='lat' dir='ltr'><strong> </strong></span> 
     </span>
    </p>
   </div>
   <div class='ocr_carea' id='block_1_7' title="bbox 388 3020 1910 3247">
    <p class='ocr_par' dir='ltr' id='par_1_13' title="bbox 392 3022 402 3044">
     <span class='ocr_line' id='line_1_49' title="bbox 392 3022 402 3044; baseline 0 0"><span class='ocrx_word' id='word_1_416' title='bbox 392 3022 402 3044; x_wconf 80' lang='grc'><strong>1</strong></span> 
     </span>
    </p>

    <p class='ocr_par' dir='ltr' id='par_1_14' title="bbox 389 3020 1825 3129">
     <span class='ocr_line' id='line_1_50' title="bbox 389 3020 1825 3129; baseline -0.001 -10"><span class='ocrx_word' id='word_1_417' title='bbox 389 3025 417 3127; x_wconf 57' lang='lat'><strong>²}</strong></span> <span class='ocrx_word' id='word_1_418' title='bbox 442 3020 671 3127; x_wconf 47' lang='grc' dir='ltr'><strong>ἔᾯῒέὶιῑῖεῗ,</strong></span> <span class='ocrx_word' id='word_1_419' title='bbox 695 3022 754 3118; x_wconf 54' lang='lat' dir='ltr'><strong>{i</strong></span> <span class='ocrx_word' id='word_1_420' title='bbox 771 3082 891 3119; x_wconf 85' lang='lat' dir='ltr'><strong>Taciti</strong></span> <span class='ocrx_word' id='word_1_421' title='bbox 918 3081 1054 3118; x_wconf 87' lang='lat' dir='ltr'><strong>studiis</strong></span> <span class='ocrx_word' id='word_1_422' title='bbox 1078 3081 1287 3126; x_wconf 82' lang='lat' dir='ltr'><strong>rhetoricis,</strong></span> <span class='ocrx_word' id='word_1_423' title='bbox 1313 3080 1427 3117; x_wconf 84' lang='lat' dir='ltr'><strong>Halis</strong></span> <span class='ocrx_word' id='word_1_424' title='bbox 1454 3080 1542 3119; x_wconf 83' lang='lat' dir='ltr'><strong>Sax.</strong></span> <span class='ocrx_word' id='word_1_425' title='bbox 1571 3081 1676 3127; x_wconf 80' lang='lat'>1873,</span> <span class='ocrx_word' id='word_1_426' title='bbox 1701 3092 1763 3129; x_wconf 83' lang='lat' dir='ltr'><strong>pg.</strong></span> <span class='ocrx_word' id='word_1_427' title='bbox 1790 3082 1825 3129; x_wconf 75' lang='grc'><strong>2.</strong></span> 
     </span>
    </p>

    <p class='ocr_par' dir='ltr' id='par_1_15' title="bbox 388 3141 1910 3247">
     <span class='ocr_line' id='line_1_51' title="bbox 390 3141 1910 3188; baseline 0.001 -10"><span class='ocrx_word' id='word_1_428' title='bbox 390 3141 417 3186; x_wconf 80' lang='lat'><strong>³)</strong></span> <span class='ocrx_word' id='word_1_429' title='bbox 444 3142 597 3188; x_wconf 84' lang='lat' dir='ltr'><strong>Dialog.</strong></span> <span class='ocrx_word' id='word_1_430' title='bbox 629 3143 683 3178; x_wconf 78' lang='lat'><strong>19.</strong></span> <span class='ocrx_word' id='word_1_431' title='bbox 712 3143 853 3179; x_wconf 89' lang='lat' dir='ltr'><strong>Annal.</strong></span> <span class='ocrx_word' id='word_1_432' title='bbox 880 3142 909 3187; x_wconf 91' lang='lat'><strong>1,</strong></span> <span class='ocrx_word' id='word_1_433' title='bbox 938 3143 995 3179; x_wconf 83' lang='lat'><strong>72.</strong></span> <span class='ocrx_word' id='word_1_434' title='bbox 1021 3142 1094 3186; x_wconf 87' lang='lat' dir='ltr'><strong>IV,</strong></span> <span class='ocrx_word' id='word_1_435' title='bbox 1120 3143 1178 3179; x_wconf 79' lang='lat'><strong>21.</strong></span> <span class='ocrx_word' id='word_1_436' title='bbox 1207 3141 1433 3186; x_wconf 82' lang='lat' dir='ltr'><strong>Quintilian.</strong></span> <span class='ocrx_word' id='word_1_437' title='bbox 1459 3143 1545 3179; x_wconf 83' lang='lat' dir='ltr'><strong>inst.</strong></span> <span class='ocrx_word' id='word_1_438' title='bbox 1573 3146 1666 3179; x_wconf 86' lang='lat' dir='ltr'><strong>orat.</strong></span> <span class='ocrx_word' id='word_1_439' title='bbox 1694 3142 1742 3187; x_wconf 89' lang='lat' dir='ltr'><strong>X,</strong></span> <span class='ocrx_word' id='word_1_440' title='bbox 1769 3143 1803 3187; x_wconf 87' lang='lat'><strong>1,</strong></span> <span class='ocrx_word' id='word_1_441' title='bbox 1829 3142 1910 3180; x_wconf 83' lang='lat'><strong>116.</strong></span> 
     </span>
     <span class='ocr_line' id='line_1_52' title="bbox 388 3202 895 3247; baseline 0.006 -9"><span class='ocrx_word' id='word_1_442' title='bbox 388 3203 416 3247; x_wconf 85' lang='lat'><strong>⁴)</strong></span> <span class='ocrx_word' id='word_1_443' title='bbox 443 3202 533 3239; x_wconf 89' lang='lat' dir='ltr'><strong>ibid.</strong></span> <span class='ocrx_word' id='word_1_444' title='bbox 560 3202 608 3247; x_wconf 90' lang='lat' dir='ltr'><strong>X,</strong></span> <span class='ocrx_word' id='word_1_445' title='bbox 638 3204 668 3247; x_wconf 89' lang='lat'><strong>1,</strong></span> <span class='ocrx_word' id='word_1_446' title='bbox 697 3204 895 3241; x_wconf 79' lang='lat'>125-131,</span> 
     </span>
    </p>
   </div>
   <div class='ocr_carea' id='block_1_8' title="bbox 2342 1901 2461 3472">
    <p class='ocr_par' dir='ltr' id='par_1_16' title="bbox 2342 1901 2461 3472">
     <span class='ocr_line' id='line_1_53' title="bbox 2342 1901 2461 3472; baseline 0 0"><span class='ocrx_word' id='word_1_447' title='bbox 2342 1901 2461 3472; x_wconf 95' lang='lat' dir='ltr'><strong> </strong></span> 
     </span>
    </p>
   </div>
  </div>
 </body>
</html>
