2461 3472
410 1098 436 1142 ¹)
461 1098 560 1135 Plin.
587 1097 695 1145 epist.
721 1098 814 1143 VII,
830 1099 902 1141 ·20;
929 1098 999 1143 IX,
1025 1100 1083 1135 23.

201 407 208 415 »
259 368 449 429 sitione,
475 367 624 435 quam
653 374 893 434 tamquam
925 336 1239 436 praefationis
1265 377 1386 427 loco
1396 365 1559 425 haberi
1588 373 1759 435 velim,
1773 369 2007 447 μωμᾷ,

259 447 318 493 de
346 448 436 494 hac
468 447 657 506 quidem
689 448 888 495 materia
928 449 1152 507 quoniam
1184 449 1304 496 satis
1349 450 1445 495 iam
1475 448 1666 496 dictum
1696 460 1802 495 esse
1832 437 2070 503 videtur
2089 472 2095 482 ·

257 519 505 566 tractanda
547 519 700 566 Taciti
730 520 994 568 litterarum
1040 521 1200 568 studia
1230 519 1305 568 me
1337 524 1568 569 converto.
1623 522 1694 569 De
1725 532 1819 580 qua
1841 531 1896 565 re
1912 529 2019 568 cum
2032 529 2086 563 ιιι

259 591 466 638 virorum
498 591 740 638 doctorum
758 592 909 639 multa
940 593 1039 638 sint
1064 596 1113 639 et
1146 593 1278 641 varia
1309 594 1498 651 iudicia,
1532 593 1709 641 omissa
1731 588 2040 639 concertandi
2070 601 2126 644 ac
2156 639 2176 649 ,-

181 684 187 690 -
259 663 387 708 leudi
418 664 731 721 contentione,
769 665 882 722 quid
913 665 1032 710 mihi
1064 667 1266 711 maxime
1309 665 1548 723 probabile
1579 665 1808 721 videatur,
1852 662 2012 709 ordine
2043 672 2163 722 expo

259 735 415 793 Atque
447 736 651 795 primum
684 737 870 793 quidem
913 750 1050 794 agam
1083 738 1139 784 de
1172 738 1322 784 Taciti
1367 738 1540 784 studiis
1571 737 1786 796 poeticiS,
1830 735 1997 785 deinde
2027 733 2103 779 de
2114 736 2193 780 stu

262 807 573 866 philosophis,
617 805 719 854 tum
751 808 809 854 de
841 809 1015 854 studiis
1047 810 1151 855 eius
1195 809 1457 867 rhetoricis,
1494 808 1695 867 denique
1726 808 1783 854 de
1815 807 1987 854 studiis
2027 798 2240 869 historic

212 882 215 885 ’
260 892 380 937 quae
412 880 572 926 omnia
601 882 807 928 breviter
839 884 1105 942 complexus
1138 884 1188 929 in
1220 885 1374 942 capite
1400 884 1561 940 altero,
1594 895 1735 942 quam
1766 871 1996 927 rationem
2014 869 2221 926 Tacitus
2239 879 2252 930 ,“

261 951 467 999 colendis
499 954 763 1000 litterarum
798 956 970 1001 studiis
1002 959 1193 1002 secutus
1225 957 1304 1013 sit,
1337 969 1565 1014 exponere
1598 956 1811 1002 conabor.
2090 968 2093 971 ·

998 1546 1543 1601 —jcfflffi—
