2461 3472
23 1237 133 1312 t·
170 1199 172 1202 ’
206 1206 708 1292 Quibusnam
740 1211 1202 1294 litterarum
1241 1213 1524 1294 studiis
1559 1213 1621 1295 C.
1654 1213 1873 1295 Corn.
1908 1214 2225 1296 Tacitus

162 1447 164 1449 v
208 1340 571 1422 imbutus
637 1342 882 1423 fuis-se
933 1343 1312 1424 videatur
1363 1351 1444 1425 et
1506 1369 1750 1441 quam
1817 1347 2225 1428 rationem

760 1472 844 1551 in
896 1497 993 1553 ea
1041 1497 1130 1553 re
1182 1480 1508 1554 secutus
1560 1477 1678 1554 sit.

1503 1940 1566 1976 Ex
1590 1942 1731 1988 inqenti
1751 1942 1980 1988 scriptorum,
2007 1942 2071 1987 qui
2095 1953 2151 1978 rec

1431 2000 1621 2036 Romanas
1660 2002 1866 2037 litterarum
1908 2003 2152 2038 monmmtis

1426 2060 1696 2107 prodiderunt,
1741 2072 1891 2097 numero
1939 2072 2043 2097 nemo
2087 2067 2150 2107 est,

1430 2132 1536 2165 quem
1590 2122 1717 2156 merito
1766 2123 1848 2166 quis
1897 2122 1934 2157 C.
1983 2122 2152 2159 Cornelio

1436 2178 1561 2216 Tacito
1587 2185 1797 2226 anteponat.

1614 2251 1716 2285 Mur
1724 2265 1741 2286 e
1749 2256 1772 2288 t.
1800 2257 1892 2287 orat.
1918 2251 1972 2296 II,
2000 2256 2054 2287 16.

22 2523 40 2555 »ς
59 2531 74 2549 .-
208 2451 495 2590 &latorum
536 2498 741 2550 virorum
785 2499 1069 2549 existimatio
1111 2502 1164 2548 ut
1208 2499 1410 2561 primum
1457 2514 1513 2549 ex
1558 2504 1818 2562 temporum
1857 2501 2223 2562 condicionibus,

39 2561 51 2571 ’
83 2566 106 2580 ”
298 2580 398 2623 tum
436 2576 640 2623 moribus
679 2578 726 2621 et
758 2575 943 2633 studiiS,
984 2575 1150 2620 deinde
1184 2574 1290 2620 aliis
1324 2575 1601 2632 quibusdam
1645 2575 1905 2621 rationibus
1938 2577 2123 2634 pendet,
2156 2578 2226 2623 ita

298 2648 448 2696 Taciti
480 2661 661 2706 quoque
693 2648 931 2705 ingenium
965 2645 1057 2693 non
1088 2651 1186 2693 tam
1218 2648 1419 2704 singulis
1445 2660 1500 2692 ex
1533 2649 1745 2705 partibus
1778 2661 1916 2705 quam
1937 2649 2097 2705 potius
2125 2649 2224 2695 uni·

83 2720 150 2779 „²
207 2731 346 2772 versa
389 2720 778 2779 contemplatione
820 2720 1041 2766 instituta
1084 2720 1247 2766 elucet.
1316 2720 1433 2766 Vera
1467 2720 1569 2765 eius
1614 2720 1794 2766 indoles
1828 2733 1881 2766 ac
1923 2723 2091 2767 natura
2131 2734 2225 2768 non

208 2784 395 2854 semper
434 2794 575 2852 probe
616 2796 663 2838 et
706 2792 843 2850 plane
875 2792 1085 2849 intellegi
1117 2794 1272 2849 potest
1310 2804 1366 2836 ex
1398 2791 1598 2848 singulis
1631 2792 1835 2849 iudiciis,
1878 2805 1998 2850 quae
2029 2794 2087 2838 de
2119 2794 2224 2850 ipso

209 2869 336 2915 facta
366 2870 490 2923 sunt,
524 2878 627 2911 cum
659 2866 746 2910 hoo
777 2865 910 2910 modo
941 2865 1141 2911 virtutes
1173 2876 1275 2909 raro
1308 2867 1433 2909 recte
1465 2864 1787 2909 aestimentur.

83 3003 104 3027 .-
142 3003 145 3006 Α
353 2960 452 3008 Iam
483 2972 592 3008 vero
624 2961 668 3007 si
698 2961 848 3006 Taciti
879 2961 1141 3006 litterarum
1182 2961 1340 3006 studia
1371 2963 1418 3005 et
1450 2960 1692 3016 rationem,
1735 2973 1875 3018 quam
1907 2962 1958 3006 in
1990 2974 2045 3007 ea
2075 2974 2125 3015 re
2157 2974 2226 3007 se·

95 3055 152 3086 f
208 3038 347 3102 cutus
380 3035 458 3093 sit,
508 3031 557 3080 in
602 3034 871 3080 universum
917 3034 1074 3079 autem
1107 3030 1360 3090 ingenium,
1406 3043 1496 3090 quo
1529 3032 1692 3089 valuit,
1725 3033 1914 3089 penitus
1948 3045 2226 3090 cognoscere

210 3109 440 3166 volumus,
478 3104 674 3152 multum
705 3118 820 3151 sane
858 3105 1013 3163 refert,
1045 3108 1098 3151 ut
1135 3107 1276 3151 antea
1314 3104 1656 3161 intellegamuS,
1702 3117 1796 3162 qua
1834 3105 2085 3162 disciplina
2115 3108 2226 3151 tunc

82 3185 94 3192 ’
1988 3189 2009 3224 1
