2461 3472
296 567 438 639 tanus
466 591 701 650 Messalla,
733 541 977 638 Curiatius,
1001 589 1255 635 Maternus.
1286 589 1520 637 Pristinae
1565 591 1721 634 autem
1771 586 2094 646 simplicitatis
2144 590 2193 633 et

316 675 401 711 uae
431 663 721 722 integritatis
756 662 1066 721 gravissimus
1098 660 1310 707 laudator
1345 660 1530 706 exstitit
1559 660 1621 706 Μ.
1656 660 1829 706 Fabius
1854 658 2191 718 Quintilianus,

148 736 281 798 ,qm
287 749 397 783 cum
427 736 650 783 universa
680 735 864 781 dicendi
895 732 1076 780 ratione
1110 736 1213 778 tum
1243 732 1433 778 disertis
1465 733 1620 779 verbis
1652 734 1741 778 huc
1771 733 1847 779 vel
1866 733 1976 778 illuc
1993 745 2194 789 pronun·

221 806 315 862 atis
345 808 613 856 Ciceronem
661 820 713 854 se
759 807 893 865 sequi
943 809 1180 853 auctorem
1228 817 1378 862 neque
1427 804 1536 850 huic
1584 804 1755 862 potiori
1805 806 2068 862 corruptam
2117 804 2193 849 sui

156 881 422 940 *temporis
436 881 748 937 eloquentiam
796 879 1021 937 praeferri
1053 876 1300 935 passurum
1350 889 1401 922 se
1450 889 1555 922 esse
1604 877 1844 942 professus
1894 879 1980 922 est
2033 876 2193 933 Neque

151 969 160 976 ·’
179 955 337 1000 tamen
369 956 474 999 cum
506 953 772 998 Ciceronem
805 950 1041 1012 exemplar
1089 950 1367 1007 proponeret
1416 948 1664 994 iuvenibus
1715 949 1765 993 in
1815 951 1914 994 arte
1962 948 2194 994 rhetorica

156 1042 164 1060 τ
179 1025 458 1082 erudiendis,
498 1025 546 1070 id
587 1037 730 1070 unum
768 1025 949 1081 agebat,
993 1025 1065 1076 ut,
1094 1022 1212 1066 nihil
1262 1021 1356 1066 nisi
1406 1019 1643 1066 Ciceronis
1693 1021 1952 1066 orationem
2000 1020 2192 1066 dicendo

175 1099 459 1157 [exprimeret
490 1109 701 1154 quaeque
732 1096 905 1141 summi
952 1095 1080 1139 illius
1130 1094 1328 1139 oratoris
1378 1093 1633 1150 peculiaria
1682 1094 1884 1149 fuerunt,
1934 1095 2191 1150 repeteret;

178 1168 323 1216 'immo
355 1182 461 1215 cum
491 1182 548 1214 ea
578 1170 798 1225 servaret,
831 1180 949 1225 quae
981 1180 1006 1212 e
1038 1167 1280 1224 poctarum
1312 1164 1596 1218 carminibus
1628 1164 1686 1210 ad
1717 1176 1903 1222 prosam
1935 1164 2194 1211 orationem

161 1228 492 1288 ‚exornandam
524 1241 769 1299 desumpta
800 1242 945 1297 erant,
993 1239 1041 1283 id
1084 1238 1284 1283 maxime
1327 1237 1489 1282 enisus
1521 1238 1609 1293 est,
1654 1238 1707 1280 ut
1751 1238 1910 1294 spreta
1952 1236 2099 1281 nimia
2147 1238 2196 1280 et

180 1316 435 1366 verborum,
458 1317 506 1358 et
537 1313 876 1357 sententiarum
908 1312 1161 1356 insolentia
1190 1311 1448 1355 orationem
1479 1310 1742 1365 simplicem
1775 1312 1822 1353 et
1872 1310 1930 1353 ad
1980 1314 2193 1353 naturam

181 1371 526 1432 accomodatam
556 1384 780 1445 redderet.

326 1478 468 1534 Quae
488 1491 593 1524 cum
624 1479 695 1524 ita
725 1479 836 1534 sint,
869 1480 921 1523 ut
951 1490 1006 1523 eo
1027 1480 1317 1524 transeamus
1333 1489 1383 1522 re
1402 1477 1521 1534 ipsa,
1542 1489 1795 1533 monemur,
1816 1479 1869 1522 ut
1887 1476 2194 1534 inquiramus,

23 1639 64 1678 5
130 1607 143 1616 ⁴
181 1625 308 1681 bant,
341 1636 549 1681 quasque
581 1625 739 1679 partes
771 1622 960 1667 Tacitus
1011 1623 1201 1666 secutus
1250 1621 1326 1666 sit,
1380 1621 1713 1665 Adulescentes
1763 1621 1889 1665 enim
1939 1620 2197 1665 domestica

15 1703 85 1740 ³
178 1696 431 1755 disciplina
461 1695 676 1741 absoluta
706 1694 870 1740 statim
902 1694 960 1740 ad
1006 1695 1214 1740 rhetores
1262 1692 1644 1752 deducebantur¹)
1692 1693 1850 1750 ibique
1899 1706 1991 1738 non
2039 1693 2196 1738 causis

0 1752 87 1842 {33
180 1768 380 1826 publicis
413 1769 640 1813 interesse
673 1767 948 1823 didicerunt,
981 1767 1063 1812 sed
1107 1766 1520 1812 exercitat10nibus
1560 1779 1748 1831 operam
1778 1766 2016 1822 dederunt,
2060 1779 2195 1823 quae,

0 1834 46 1904 ἓξ
66 1840 80 1904 j
93 1861 95 1864 ι
182 1853 286 1886 cum
319 1840 568 1886 maximam
600 1842 779 1897 partem
812 1839 1070 1886 contrariae
1102 1842 1275 1896 essent,
1292 1851 1457 1897 parum
1479 1825 1700 1883 utilitatis
1720 1838 1987 1883 afferebant.
2008 1838 2196 1883 Etenim

2 1907 69 1972 ζ’ῑι
157 1922 207 1959 ··θ
234 1913 413 1959 duobus
430 1912 729 1958 materiarum
748 1912 1011 1969 generibuS‚
1032 1912 1258 1957 suasoriis
1277 1915 1326 1956 et
1351 1911 1696 1966 controversiis,
1722 1923 1840 1967 quae
1859 1912 2195 1967 tractabantur,

5 2022 27 2046 ι,
48 2034 65 2044 Β,
181 1984 296 2032 adeo
328 1984 485 2030 omnia
515 1984 673 2028 futilia
703 1985 751 2028 et
783 1983 920 2040 levia,
951 1983 1110 2028 ieiuna
1140 1986 1188 2027 et
1220 1983 1348 2027 arida
1380 1995 1408 2027 a
1438 1982 1656 2027 facundia
1686 1986 1734 2026 et
1763 1982 2025 2027 festivitate
2045 1983 2198 2027 aliena

2 2049 60 2121 ε
165 2060 330 2113 erant,
363 2059 415 2101 ut
448 2068 538 2101 non
571 2056 705 2101 modo
744 2059 868 2100 recte
918 2056 1070 2100 dicere
1121 2068 1213 2100 non
1263 2055 1509 2110 discerent,
1560 2055 1644 2098 sed
1693 2055 1837 2099 etiam
1882 2068 1957 2099 res
2007 2067 2198 2111 prorsus

181 2139 426 2187 perversas
458 2129 506 2174 et
537 2128 640 2174 eius
671 2126 870 2186 generiS‚
904 2127 1090 2185 quaein
1121 2126 1219 2177 foro
1253 2127 1325 2174 vel
1357 2139 1459 2173 raro
1491 2125 1565 2173 vel
1597 2139 1836 2184 nunquam
1860 2127 2195 2184 tractabantur,

36 2204 47 2212 ’
79 2249 83 2262 2
184 2200 367 2259 ingenti
398 2202 641 2246 verborum
674 2200 793 2244 mole
839 2200 1015 2244 frustra
1060 2201 1472 2257 perscrutarentur.
1518 2199 1677 2255 Longe
1722 2199 1814 2243 alia
1857 2211 2005 2256 eaque
2049 2200 2197 2244 multo

138 2265 496 2330 ,praestantior
527 2277 628 2316 erat
660 2273 900 2317 institutio
931 2272 1055 2328 apud
1104 2276 1300 2317 veteres.
1334 2271 1581 2315 Rhetorica
1630 2271 1757 2315 enim
1807 2284 1912 2315 cum
1962 2272 2023 2316 iis
2070 2277 2197 2316 esset

157 2350 158 2353 ’
184 2345 301 2392 bene
332 2343 516 2391 dicendi
549 2346 637 2398 am,
670 2344 739 2390 ita
771 2346 824 2391 ut
854 2343 911 2390 de
942 2343 1069 2391 omni
1101 2344 1374 2402 quaestione
1406 2343 1595 2402 pulchre
1627 2346 1675 2389 et
1706 2345 1868 2390 ornate
1900 2345 1948 2390 et
1991 2343 2049 2390 ad
2098 2356 2198 2402 per-

77 2424 88 2469 ἶ
107 2458 113 2475 ¹.
182 2417 471 2474 suadendum
490 2419 598 2473 apte
617 2417 769 2460 dicere
789 2417 959 2472 aliquis
980 2417 1131 2472 possit
1162 2430 1244 2473 pro
1277 2417 1506 2472 dignitate
1525 2428 1694 2471 rerum,
1714 2416 1773 2459 ad
1794 2416 2048 2460 utilitatem
2078 2419 2193 2460 tem-

184 2502 361 2546 porum,
395 2502 499 2533 cum
532 2489 772 2545 voluptate
804 2488 1145 2543 audientium,²)
1196 2489 1413 2534 iuvenem
1458 2487 1606 2543 illum,
1656 2488 1737 2543 qui
1784 2487 1882 2533 foro
1932 2488 2197 2533 destinatus

78 2551 109 2605 ³²³.
184 2562 286 2606 erat
317 2563 367 2605 et
394 2560 687 2617 eloquentiae
718 2560 981 2616 parabatur,
1014 2560 1071 2604 ad
1103 2559 1323 2604 eximium
1341 2558 1571 2616 quendam
1603 2561 1832 2603 oratorem
1857 2558 2197 2616 deducebant3),

26 2632 76 2686 ξ.
96 2618 109 2632 “’
176 2643 324 2690 quem
355 2631 525 2689 ubique
558 2632 777 2676 sectando
809 2634 856 2675 et
888 2631 1115 2675 audiendo
1147 2631 1303 2688 ipsum
1334 2630 1464 2675 brevi
1494 2630 1662 2674 fortem
1694 2630 1935 2674 exstitisse
1967 2634 2199 2675 oratorem

30 2688 38 2701 ι
182 2704 417 2751 viderunt.
466 2692 733 2748 Uber-iorem
765 2716 947 2760 quoque
979 2708 1027 2747 et
1058 2703 1320 2748 liberiorem
1357 2702 1540 2747 dicendi
1573 2703 1817 2747 materiam
1854 2703 2004 2748 fuisse
2047 2707 2197 2749 orato·

184 2776 314 2827 ribus
347 2775 553 2833 antiquis
585 2775 796 2831 dialogus
828 2775 884 2820 de
914 2770 1174 2820 oratoribus
1206 2774 1341 2820 nobis
1374 2774 1512 2819 testis
1543 2776 1639 2829 est3
1683 2774 1920 2833 pertinent
1949 2776 2077 2820 enim
2107 2777 2198 2821 huc

185 2847 314 2906 leges
345 2848 577 2909 rogandae
608 2851 655 2893 et
686 2847 907 2905 populare
952 2860 1134 2904 nomen,
1181 2848 1422 2892 contiones
1466 2846 1841 2903 magistratuum,
1874 2849 2198 2894 accusationes

155 2921 447 2977 <potentium
456 2933 637 2966 reorum
655 2923 703 2965 et
718 2920 988 2976 assignatae
1007 2920 1149 2965 etiam
1161 2921 1374 2966 domibus
1387 2920 1679 2975 inimicitiae,
1694 2932 1935 2976 procerum
1954 2921 2198 2976 factiones,

334 3088 360 3133 ¹)
380 3089 536 3137 ,Dialog.
562 3089 619 3125 35.

333 3149 360 3194 ²)
385 3150 536 3197 Dialog.
562 3151 619 3187 30.

332 3210 360 3255 ³)
386 3211 475 3248 ibid.
501 3211 558 3247 34.

181 1564 301 1609 quae
318 1552 461 1596 fuerit
492 1551 572 1596 illo
603 1552 811 1607 tempore
843 1550 960 1595 artis
992 1550 1250 1594 rhetoricae
1266 1549 1530 1606 disciplina,
1562 1561 1655 1605 qua
1686 1549 1881 1594 iuvenes
1913 1549 2061 1593 imbui
2080 1549 2196 1593 sole-
2266 1595 2271 1605 ,
