2461 3472
306 503 409 597 QJJ
430 509 527 575 m
522 527 667 592 ῥεῖνί
681 527 814 611 fecit.
832 526 1008 609 Omnes
1023 522 1150 573 eiiim
1157 527 1461 609 disciplinas,
1479 538 1602 584 quae
1620 527 1679 572 ad
1697 527 1935 609 fungenda
1952 529 2020 574 rei
2040 526 2256 602 publicae

217 654 319 725 *in
296 670 417 738 ”aas
434 643 752 737 incumberet,
766 684 872 717 eam
901 670 1103 716 maxime
1139 643 1385 728 spectabat
1416 671 1685 728 utilitatem,
1732 684 1874 728 quam
1911 671 2039 718 vitae
2070 671 2179 717 usui
2208 674 2259 717 et

307 731 542 806 'publicae
573 732 969 789 administrandae
988 742 1198 788 afferunt.
1216 742 1369 800 Atque
1400 755 1504 788 eam
1535 742 1766 789 rationem
1796 745 2002 800 secutus,
2023 755 2143 801 quae
2174 745 2257 789 aut

299 813 438 862 *vita
453 813 537 859 aut
577 813 751 866 litteris
782 815 971 872 assequi
1015 827 1067 860 se
1100 827 1194 860 non
1236 827 1375 872 posse
1405 815 1605 871 putavit,
1637 816 1699 860 iis
1730 816 1913 860 alienus
1944 820 2059 871 erat,
2091 827 2258 872 neque

226 883 477 951 *eiusmodi
517 885 677 932 rebus
699 885 919 934 inanibus
965 886 1443 950 frustrat-ionibusque
1487 887 1676 932 modum
1712 887 1931 933 excedere
1962 885 2256 945 periclitatus

226 946 329 1010 {est-
341 955 655 1028 Quapropter
699 958 1024 1017 philosophiae
1053 958 1333 1012 rationibus,
1385 971 1505 1015 quae
1537 962 1637 1003 tum
1684 961 1832 1015 erant,
1880 971 1972 1003 non
2010 958 2258 1004 admodum

228 1021 375 1086 savit,
404 1028 511 1074 cum
542 1029 694 1086 ipsius
726 1030 906 1076 indoles
937 1033 997 1076 ab
1028 1030 1091 1075 iis
1120 1032 1249 1076 esset
1281 1030 1453 1086 aliena;
1504 1031 1684 1075 discere
1714 1032 1873 1074 tamen
1904 1042 1933 1074 a
1963 1029 2258 1086 philosophis

227 1094 469 1166 ‘jq'uaedam
498 1103 549 1147 et
579 1102 649 1148 sic
674 1103 903 1160 complere
934 1102 1243 1148 eruditionem
1274 1115 1367 1148 non
1400 1102 1669 1158 intermisit,
1703 1101 1771 1146 ita
1790 1103 1842 1146 ut
1873 1113 1902 1146 a
1932 1101 2259 1159 Peripateticis

229 1171 378 1239 ‘aptos
407 1173 547 1230 locoS,
580 1176 637 1218 ab
670 1175 961 1221 Academicis
993 1175 1358 1232 pugnacitatem,
1414 1176 1471 1219 ab
1504 1160 1746 1231 Epicureis
1778 1176 2000 1218 honestas
2032 1174 2258 1231 quasdam

228 1245 604 1302 &exclamationes
635 1247 906 1304 perciperet.
917 1247 945 1302 ¹)
983 1245 1245 1301 Quominus
1290 1250 1447 1292 autem
1479 1246 1777 1303 philosophia
1819 1245 2009 1303 penitus
2041 1246 2259 1302 cognosci

224 1308 457 1379 ssiiis'teque
487 1317 728 1364 aestimari
768 1321 942 1377 posset,
994 1320 1193 1365 maxime
1232 1320 1462 1376 obstabat,
1507 1319 1630 1377 quod
1661 1332 1718 1364 ea
1748 1320 1905 1364 aetate
1936 1318 2259 1376 philosophiae

236 1393 564 1457 praeceptores
596 1391 767 1436 Romae
787 1392 977 1448 saepius
1008 1393 1194 1458 expulsi
1223 1395 1359 1436 sunt·
1350 1392 1399 1448 ,²)
1432 1405 1490 1435 ex
1519 1392 1581 1435 iis
1601 1392 1868 1435 Demetrius
1888 1390 2092 1447 Cynicae
2124 1391 2259 1435 insti—

226 1459 440 1510 tutionis
472 1462 644 1517 doctor,
678 1464 936 1519 complures
983 1465 1184 1508 habebat
1215 1463 1484 1519 discipulos,
1529 1464 1609 1519 qui
1651 1463 1811 1508 Tacito
1855 1462 2153 1508 familiariter
2184 1462 2259 1507 usi

232 1527 379 1590 ‘suut
398 1534 519 1585 unde
551 1534 706 1591 ipsum
738 1547 920 1592 quoque
952 1548 980 1580 a
1006 1530 1245 1580 Demetrio
1279 1535 1552 1580 institutum
1582 1534 1731 1580 fuisse
1765 1532 1976 1582 conicere
2007 1534 2132 1579 licet.
2150 1533 2182 1589 ³)

384 1615 576 1661 Tacitus
605 1619 777 1673 autem,
810 1629 1092 1674 quamquam
1123 1617 1399 1663 Graecorum
1432 1617 1778 1674 philosophiam
1809 1617 2060 1673 diligenter
2090 1628 2255 1673 cogno-

179 1687 205 1758 )
240 1690 387 1745 verat,
420 1687 697 1744 Stoicorum,
729 1689 1059 1746 Epicureorum
1091 1689 1354 1734 sententias
1387 1693 1656 1746 perceperat
1671 1689 1718 1744 ⁴),
1766 1690 1926 1733 tamen
1955 1689 2070 1733 haec
2102 1687 2260 1733 studia

224 1764 334 1806 finon
365 1752 506 1806 ultra
519 1761 692 1816 hausit,
740 1773 880 1817 quam
913 1760 1120 1807 Romano
1166 1761 1225 1806 ad
1256 1761 1434 1806 maiora
1478 1761 1652 1806 nitenti
1685 1772 1958 1806 concessum
1988 1760 2259 1816 videbatur3

239 1832 324 1879 sed
343 1831 597 1895 Agricolae
630 1833 891 1890 exemplum
922 1836 1112 1883 secutus
1144 1834 1191 1879 id
1222 1833 1334 1891 egit,
1367 1836 1433 1890 ut,
1454 1834 1576 1891 quod
1606 1833 1936 1886 difficillimum
1966 1835 2168 1890 rebatur,
2200 1846 2258 1878 ex

171 1909 193 1917 ’·
228 1903 477 1966 <sapientia
520 1904 706 1950 modum
736 1906 973 1950 retineret.
991 1906 1023 1962 ⁵)
1073 1905 1175 1951 Non
1207 1905 1331 1963 fugit
1374 1918 1482 1950 eum
1526 1906 1818 1964 philosophis
1862 1907 2048 1950 tantum
2086 1905 2258 1950 studiis

166 2029 188 2032 ,Ἴ
215 1977 371 2031 fuisos
414 1978 572 2024 inutili
616 1978 770 2025 labore
812 1979 870 2024 ad
901 1992 958 2024 ea
999 1979 1294 2035 contendere,
1328 1992 1447 2036 quae
1479 1979 1668 2025 oninom
1712 1979 1813 2023 fieri
1846 1992 1937 2024 non
1969 1982 2177 2035 possent,
2209 1981 2258 2023 et

163 2051 169 2057 ’
240 2061 324 2109 per
354 2051 552 2109 abrupta
582 2062 687 2096 sese
719 2051 848 2109 ipsos
880 2050 1084 2108 perdere,
1117 2050 1286 2096 ceteris
1319 2063 1410 2096 non
1444 2051 1678 2108 prodesse.
1711 2051 1867 2108 Digna
1900 2050 2088 2108 quidem
2119 2050 2256 2096 laude

155 2175 157 2177 ,
201 2181 208 2185 ⁴
242 2123 444 2167 celebrat
476 2122 745 2168 Helvidium
773 2123 983 2167 Priscum
1014 2136 1121 2167 eum
1152 2123 1300 2167 fuisse
1318 2122 1543 2175 Stoicum,
1578 2136 1667 2167 non
1702 2135 1807 2180 quo,
1842 2125 1896 2167 ut
1926 2123 2150 2181 plerique,
2182 2136 2261 2167 no-

156 2204 170 2257 jv
192 2193 207 2230 Γ
230 2186 368 2241 smine
400 2194 646 2251 magnifico
679 2206 822 2250 segne
865 2195 1012 2239 otium
1060 2195 1251 2248 velaret,
1299 2195 1381 2240 sed
1414 2207 1517 2251 quc·
1538 2195 1713 2239 firmior
1756 2198 1885 2240 esset
1916 2195 2140 2240 adversus
2171 2194 2260 2239 for-

240 2268 376 2330 tuita.
396 2266 430 2326 ⁶)
463 2266 652 2313 Tacitus
684 2279 792 2313 vero
823 2266 1146 2329 philosophiae
1163 2266 1320 2313 studio
1348 2267 1462 2313 adeo
1494 2269 1680 2313 tantum
1712 2267 1846 2324 favit,
1878 2280 1969 2326 quo
1991 2267 2141 2325 magis
2162 2267 2260 2314 ani-

230 2331 371 2404 jmum
401 2340 629 2384 excoleret
660 2340 993 2395 ingeniumque
1024 2342 1283 2383 exacueret.
1309 2338 1602 2396 Quamquam
1635 2341 1760 2384 enim
1794 2340 2034 2385 Platonem
2066 2340 2259 2396 legerat,

237 2410 520 2468 Stoicorum,
550 2411 880 2468 Epicureorum
912 2410 1173 2456 sententias
1205 2411 1396 2469 saepius
1428 2413 1770 2468 commemorat,
1788 2414 1945 2457 tamen
1978 2424 2068 2457 non
2100 2425 2260 2458 eorum

233 2495 418 2533 morem
450 2486 639 2530 secutus
686 2482 871 2530 vivendi
908 2484 957 2527 et
988 2483 1158 2540 agendi
1190 2496 1399 2529 normam
1430 2486 1648 2542 separata
1692 2484 1975 2541 cogitatione
2007 2485 2099 2530 sibi
2131 2497 2261 2542 prae-

157 2591 184 2601 ».
208 2545 448 2615 .-Jscripsit,
480 2556 563 2602 sed
593 2569 649 2600 ex
679 2555 887 2600 moribus
918 2555 1245 2611 institutisque
1277 2555 1589 2600 Romanorum
1609 2559 1656 2600 et
1679 2557 1905 2601 maiorum
1931 2556 2171 2613 exemplis,
2203 2569 2260 2601 ex

163 2591 504 2689 '⁵'Jtemporum
536 2627 885 2674 condicionibus
916 2626 1155 2684 multoque
1187 2639 1339 2689 rerum
1372 2639 1461 2672 usu
1493 2627 1754 2680 constituit.
1802 2627 1955 2685 Atque
1986 2628 2260 2675 universum

152 2730 220 2765 247
242 2703 369 2752 orbis
392 2705 625 2748 terrarum
674 2702 852 2745 statum
895 2713 949 2745 ac
993 2699 1306 2745 conditionem
1346 2713 1450 2745 cum
1501 2703 1655 2745 mente
1704 2700 2023 2758 perlustraret,
2074 2714 2260 2747 omnem

391 2859 402 2881 ¹
483 2860 490 2867 .

389 2860 423 2965 ²}
441 2859 601 2966 3:335&
619 2858 746 2954 {lacit
771 2928 897 2964 opera,
925 2928 986 2965 pg.
1014 2916 1094 2954 VII
1120 2915 1168 2954 ad
1193 2929 1282 2954 ann.
1308 2916 1375 2962 (373
1400 2928 1462 2965 pg.
1489 2916 1526 2953 X
1551 2915 1600 2954 ad
1626 2929 1715 2954 ann.
1742 2917 1808 2962 893
1836 2929 1897 2964 pg.
1925 2916 1983 2953 XI
2008 2916 2058 2953 ad
2084 2929 2174 2954 ann.
2200 2918 2259 2954 95.

334 2982 346 2987 “
389 2979 417 3023 ³)
442 2981 543 3016 Anu.
569 2978 678 3021 XVI,
704 2978 752 3014 34
776 2982 814 3013 et
838 2978 896 3014 35.
922 2978 1066 3015 Hister.
1094 2978 1166 3022 IV,
1189 2979 1249 3014 40.

245 3062 256 3081 κ,
280 3063 283 3065 -
387 3039 417 3084 ⁴)
431 3038 499 3077 cf.
523 3037 695 3086 inprimis
720 3036 974 3083 Hoffmeister,
998 3036 1059 3075 die
1084 3036 1436 3085 Weltanschauung
1461 3035 1526 3074 des
1551 3036 1717 3083 Tacitus,
1743 3036 1864 3074 Essen
1892 3037 1997 3082 1831,
2019 3048 2072 3085 pg
2090 3037 2150 3074 .13
2176 3048 2259 3084 sqq.

227 3099 385 3158 vHaase
399 3099 557 3154 praefat.
584 3109 647 3145 pg.
672 3097 827 3135 XXVII
852 3110 922 3146 sqq
959 3099 1060 3135 Anu.
1088 3098 1159 3144 VI,
1185 3099 1244 3136 28.
1273 3098 1418 3135 Histoi·
1445 3097 1515 3141 IV,
1540 3099 1574 3135 5.
1602 3099 1691 3145 Agr.
1717 3099 1776 3135 46.

388 3160 403 3190 ι’)

340 3246 344 3249 ’
389 3158 418 3266 ⁶}
441 3159 593 3258 {mixto}
615 3219 685 3264 IV,
709 3220 742 3256 5.

508 429 773 506 affalius
792 384 1077 514 disciplinas
1097 450 1366 503 secundum
1377 414 1497 504 tunc
1515 454 1742 513 temPfflS
1760 454 2072 502 R⁰¹¹¹²¹¹¹⁰f¹¹m
2101 466 2257 507 “mm
2269 482 2271 486 ’
2345 435 2349 439 ·
2371 431 2375 434 Δ
