2461 3472
236 540 347 577 118111
375 528 516 574 11111118
561 528 650 574 viri
684 529 897 586 nequitia
939 541 1130 586 prorsus
1174 526 1467 585 pessumdari
1510 528 1653 573 tacite
1697 528 1890 573 videret.
1935 527 2090 582 Quare
2121 528 2222 572 fieri

243 611 303 645 on
334 599 502 656 potuit,
535 599 645 656 quin
679 600 808 645 dolor
839 599 1028 656 quidam
1058 600 1310 645 vehemens
1342 602 1389 644 et
1421 600 1614 644 acerbus
1647 599 1849 644 nobilem
1881 599 1983 643 eius
2013 599 2223 643 animum

158 697 168 741 f
209 683 261 718 m
291 670 413 716 diem
445 671 598 727 magis
629 671 874 730 magisque
907 674 1153 728 occuparet
1184 673 1232 716 et
1263 671 1452 728 penitus
1483 673 1788 728 perturbaret.
1830 670 1963 725 Quod
1995 674 2222 728 quantum

167 770 180 773 Α·
206 741 411 796 ¹valuerit
442 742 501 789 ad
531 744 717 799 gratum
748 742 862 787 illud
895 754 948 787 ac
978 742 1153 788 laetum
1182 742 1366 788 dicendi
1398 755 1560 800 genus,
1608 755 1698 800 quo
1731 743 1916 789 iuvenis
1960 755 2074 787 usus
2106 745 2221 799 erat,

187 814 563 871 immutandum,
598 814 704 872 quis
736 816 823 871 est,
856 815 937 871 qui
970 826 1062 859 non
1093 814 1289 860 videat?
1319 810 1408 859 Per
1439 814 1703 871 quindecim
1727 814 1832 860 illos
1853 827 2015 868 annos,
2048 816 2221 871 grande

208 887 420 932 mortalis
453 887 558 933 aevi
589 887 810 944 spatium,
854 886 1042 931 Tacitus
1075 886 1133 931 ad
1163 889 1299 944 turpe
1332 886 1573 931 silentium
1606 889 1809 943 coactus,
1857 887 2107 932 durissimo
2140 888 2223 932 im-

208 959 338 1018 perio
369 971 562 1017 pressus
593 971 648 1005 ac
679 962 890 1016 vexatuS,
924 971 1014 1017 quo
1046 959 1347 1005 Domitianus
1378 972 1471 1005 non
1490 972 1573 1016 per
1592 959 1839 1005 intervalla
1861 972 1914 1005 ac
1934 960 2222 1017 spiramenta

206 1034 482 1088 temporum,
533 1032 614 1076 sed
646 1032 864 1077 continuo
914 1034 963 1076 et
992 1031 1123 1077 velut
1166 1044 1258 1076 uno
1310 1032 1407 1076 ictu
1451 1032 1784 1087 rempublicam
1817 1032 2033 1076 exhausit
2057 1032 2100 1087 ι),
2150 1034 2222 1076 tot

155 1135 158 1136 γ
207 1103 570 1149 clarissimorum
601 1105 806 1150 virorum
824 1104 1002 1159 caedes,
1034 1106 1106 1150 tot
1137 1103 1536 1149 nobilissimarum
1568 1103 1848 1148 feminarum
1879 1103 2116 1155 dedecora,
2151 1116 2221 1149 so·

178 1217 180 1219 .
207 1187 377 1233 cerum,
409 1176 465 1221 de
497 1177 635 1221 rebus
667 1176 867 1234 publicis
900 1177 1074 1234 optime
1114 1176 1348 1233 meritum,
1380 1177 1599 1221 vexatum
1638 1187 1691 1220 ac
1723 1176 1779 1220 de
1820 1188 1908 1220 sua
1939 1188 2221 1233 suorumque

205 1248 358 1293 salute
390 1248 642 1292 sollicitum
674 1249 875 1292 intuitus
906 1249 1054 1293 vitam
1085 1249 1276 1303 degerat
1308 1248 1454 1292 animi
1486 1248 1640 1292 dolore
1674 1251 1721 1291 et
1752 1260 1938 1303 angore,
1972 1248 2042 1291 ira
2073 1252 2121 1292 et
2154 1249 2221 1291 in-

62 1336 82 1356 ττ
151 1386 153 1389 .
205 1318 478 1376 dignatione
508 1319 692 1377 plenam
726 1332 780 1365 ac
812 1318 1042 1365 refertam.

350 1389 480 1445 Quae
513 1403 616 1435 cum
647 1391 716 1435 ita
748 1394 918 1442 essent,
935 1394 1034 1435 tum
1066 1391 1264 1447 demum,
1298 1404 1402 1435 cum
1435 1392 1619 1436 animus
1651 1392 1790 1435 rediit
1822 1404 2018 1448 cumque
2050 1392 2222 1435 beatis-

206 1462 317 1507 simi
348 1463 525 1507 saeculi
556 1465 661 1507 ortu
692 1462 844 1507 Nerva
876 1462 1046 1509 Caesar
1075 1475 1150 1507 res
1184 1463 1294 1507 olim
1327 1463 1648 1508 dissociabiles
1680 1463 1884 1519 miscuit,
1905 1458 2219 1520 principatum

205 1545 259 1579 ac
290 1534 567 1591 libertatem,
585 1533 806 1591 auxitque
838 1534 1029 1579 cottidie
1060 1534 1334 1579 felicitatem
1366 1537 1627 1592 temporum
1659 1535 1813 1580 Nerva
1843 1535 2085 1590 Traianus,
2118 1538 2219 1579 tum

204 1610 476 1663 recuperata
517 1606 662 1650 libere
705 1606 924 1662 loquendi
964 1606 1187 1650 facultate
1206 1606 1239 1660 ²)
1284 1608 1593 1661 „memoriam
1635 1608 1818 1662 prioris
1865 1608 2117 1651 servitutis
2164 1620 2220 1651 ac

204 1678 541 1723 testimonium
560 1679 891 1735 praesentium
910 1679 1181 1723 bonorum“
1214 1690 1379 1736 aspero
1412 1678 1599 1736 quidem
1619 1681 1666 1724 et
1688 1680 1866 1735 acerb0‚
1900 1679 1982 1724 sed
2013 1679 2092 1724 illo
2115 1680 2218 1736 ipso

205 1750 328 1796 laeto
360 1752 408 1796 et
439 1750 575 1796 hilari
608 1751 763 1796 animo
797 1763 1069 1809 componere
1101 1750 1323 1796 instituit.

746 1961 772 2022 g
814 1958 860 2008 4.
900 1956 1002 2010 De
1039 1958 1320 2011 Studiis
1361 1957 1754 2011 histonieis.

347 2098 409 2144 Ut
441 2099 566 2144 enim
599 2099 869 2157 eloquentia
896 2099 1143 2146 iuvenibus
1170 2099 1392 2145 Romanis
1412 2099 1537 2146 viam
1557 2099 1779 2157 patefecit
1799 2100 1857 2145 ad
1875 2100 2217 2158 amplissimam

204 2172 530 2218 auctoritatem
562 2174 610 2217 et
641 2185 849 2218 summos
881 2172 928 2217 in
963 2172 1154 2219 civitate
1186 2174 1384 2219 honores
1427 2173 1518 2218 rite
1569 2173 1893 2230 capessendos,
1946 2174 2015 2218 ita
2064 2186 2217 2218 rerum

202 2247 442 2303 gestarum
474 2244 677 2301 cognitio
709 2245 937 2290 maiorum
982 2245 1220 2302 praeclara
1249 2245 1375 2290 facta
1407 2245 1665 2303 specimina
1706 2247 1753 2289 et
1802 2246 2085 2303 exemplaria
2117 2258 2218 2303 pro·

202 2319 361 2375 posuit
392 2330 577 2373 eosque,
610 2319 662 2362 ut
678 2319 780 2374 pari
812 2318 946 2363 modo
968 2323 1172 2377 agerent,
1194 2319 1425 2364 incitavit.
1447 2319 1531 2363 Est
1551 2319 1838 2374 praeclarum
1864 2319 1978 2363 illud
2007 2319 2215 2373 Mureti3)

203 2389 260 2435 de
291 2389 515 2435 historiae
547 2388 772 2434 utilitate:
805 2388 970 2449 „Quod
1002 2391 1178 2434 natura
1209 2390 1351 2434 nobis
1385 2389 1607 2446 denegat,
1640 2392 1858 2446 praestat
1883 2390 2109 2446 historia,
2142 2392 2214 2447 ut,

203 2462 288 2517 qui
333 2474 436 2505 eam
481 2461 562 2505 diu
613 2474 667 2505 ac
717 2462 978 2516 diligenter
1026 2463 1414 2517 pervolutarunt,
1466 2463 1689 2506 omnibus
1722 2463 1962 2507 aetatibus
2012 2463 2213 2517 vixisse,

168 2545 370 2581 ‚omnes
420 2534 644 2588 regiones
693 2534 1037 2589 perlustrasse,
1089 2534 1312 2579 omnibus
1368 2534 1578 2589 publicis
1637 2534 1854 2578 consiliis
1909 2533 2213 2590 interfuisse,

203 2605 382 2660 omnia,
415 2617 533 2659 quae
568 2618 776 2659 unquam
809 2606 1135 2660 contigerunt,
1167 2607 1449 2660 praesentes
1486 2607 1730 2661 spectasse
1767 2608 1910 2659 atque
1952 2605 2212 2650 adnotasse

200 2675 504 2724 Δ1111611111;111’.“
536 2676 615 2722 Sic
647 2678 844 2723 historia
877 2680 1111 2734 tamquam
1144 2677 1283 2722 testis
1316 2678 1388 2722 est
1419 2681 1680 2734 temporum
1713 2680 1852 2734 atque
1887 2691 2063 2735 aequus
2096 2678 2206 2723 faci·

203 2762 366 2795 norum
396 2752 494 2794 tam
525 2751 751 2794 bonorum
782 2763 919 2807 quam
953 2750 1177 2794 malorum
1209 2749 1346 2793 iudex
1377 2752 1424 2793 et
1456 2750 1633 2805 optima
1665 2749 1924 2806 cuicunque
1957 2751 2084 2795 vitae
2116 2764 2211 2794 ma-

200 2822 365 2880 gistra.
382 2821 502 2867 Hinc
533 2822 659 2866 omni
692 2834 805 2867 aevo
838 2822 1067 2867 celebrata
1099 2823 1172 2865 est
1203 2821 1414 2877 historia,
1447 2821 1555 2865 111116
1588 2821 1803 2866 laudibus
1836 2822 1949 2866 elati
1982 2825 2211 2878 auctores,

204 2895 283 2960 qui
315 2895 507 2951 dignum
539 2895 587 2939 in
618 2895 804 2940 modum
838 2907 941 2939 eam
973 2892 1357 2950 conscripserunt.

348 3040 358 3062 ¹
399 3041 433 3076 A
462 3051 490 3077 r.
514 3040 563 3075 44
588 3050 604 3074 s
633 3067 642 3077 .
1507 3063 1509 3072 ,

347 3042 373 3147 ²3
399 3051 460 3139 (ἐξ.
481 3102 522 3139 C.
549 3051 773 3143 Wulnderer,
795 3102 948 3138 Tacitus
986 3100 1084 3138 nach
1122 3101 1242 3138 seiner
1280 3099 1508 3148 Biographie
1546 3099 1611 3136 des
1638 3100 1827 3147 Agricola,
1867 3100 2012 3137 Blatter
2036 3101 2059 3137 f.
2086 3101 2212 3147 bayer.

72 3172 89 3209 ξ
151 3147 154 3151 ’
201 3162 352 3211 Gymn„
376 3162 569 3199 Miinchen
596 3163 701 3207 1897,
727 3173 789 3210 pg.
815 3163 887 3199 210
911 3174 964 3210 sq.

346 3223 373 3268 ³)
398 3223 534 3259 Mutet.
562 3228 654 3260 orat.
680 3223 731 3267 11,
760 3225 814 3260 16.

1976 3296 1997 3331 2
