2461 3472
296 301 462 348 deinde
511 301 717 347 Plinium
763 302 1041 358 maiorem¹),
1092 300 1375 359 Vipst'anum
1419 299 1740 358 Messallam²)‚
1783 299 1984 364 Fabium·
2019 294 2107 348 Ru

296 374 514 420 Cluvium
546 374 772 431 Rufum⁴)‚
817 374 950 431 alioS,
996 373 1077 431 qui
1110 373 1296 420 illorum
1326 375 1589 431 temporum
1621 375 1924 420 monumenta
1954 364 2280 433 θᾶίᾶθῐιιηις-’

293 446 634 492 vetustioribus
668 447 879 492 nominat
912 445 1216 504 Sisennam-⁵),
1250 444 1583 503 Sallustium⁶),
1615 445 1801 490 Livium
1822 445 1879 502 ⁷33
1912 459 2062 504 neque
2093 446 2244 503 ignoti

295 518 445 563 fuisse
492 517 710 564 videntur
753 517 908 564 Cassii
954 516 1118 563 Severi
1133 518 1165 573 ⁸)
1214 516 1385 577 famosi
1429 515 1589 573 libelli,
1635 516 1827 561 annales
1859 514 2087 563 Cremutii
2117 518 2256 564 Cordi
2271 512 2370 574 ⁹)ssl*

293 590 468 635 Multos
500 593 744 646 praeterea
774 589 919 634 libros
945 589 1067 634 varii
1087 589 1275 645 generis
1294 588 1508 634 Tacitum
1528 588 1799 633 adhibuisse
1820 589 2212 637 verisimillimum
2232 581 2440 644 ascl-..51¹5

440 672 571 728 Quae
604 673 760 718 omnia
792 672 912 717 satis
943 672 1154 717 indicant
1195 685 1417 729 magnum
1449 673 1854 717 monumentorum
1885 684 2128 720 numerum
2159 673 2321 719 Tacito
2379 653 2461 720 ὓῖζ

295 745 628 803 suppetivisse.
681 744 774 790 Sed
807 757 912 790 cum
943 757 1135 790 munere
1166 746 1407 802 tamquam
1440 745 1603 789 sancto
1635 743 1861 800 fungatur
1890 743 2158 801 historicus,
2191 745 2321 791 dubi-

294 817 386 863 tari
419 830 511 862 non
544 820 716 874 potest,
768 816 881 874 quin
926 815 1132 873 Tacitus,
1181 816 1351 873 quibus
1394 816 1664 861 auctoribus
1708 827 1823 860 usus
1855 819 1942 868 est,
1992 829 2151 861 eorum
2182 818 2321 863 fidem

294 890 659 946 diligentissime
691 889 1046 940 examinaverit,
1080 889 1149 934 ita
1180 892 1247 945 ut,
1281 888 1361 933 ubi
1394 888 1450 933 de
1475 887 1571 932 fide
1607 900 1765 933 eorum
1798 901 1982 945 anceps,
2011 889 2127 947 ‘quid
2158 888 2320 936 verum

295 975 348 1007 ac
381 963 560 1007 certum
593 963 733 1013 esset,
768 973 874 1006 cum
923 960 1026 1017 ipse
1058 961 1261 1017 reperire
1294 972 1385 1005 non
1433 961 1608 1016 posset,
1660 959 1854 1004 candide
1887 961 1934 1004 id
1965 962 2172 1018 profiteri
2204 974 2320 1006 nun-

294 1047 434 1090 quam
469 1035 721 1078 omitteret.
770 1033 857 1076 Ubi
890 1045 1047 1076 rumor
1078 1032 1239 1088 populi
1273 1044 1326 1075 ac
1357 1031 1484 1075 fama
1527 1031 1850 1087 disereparunt
1882 1045 1910 1076 a
1941 1045 2094 1077 rerum
2126 1034 2320 1091 scripto·

293 1119 397 1150 rum
430 1106 533 1157 fide,
568 1119 596 1150 a
628 1105 752 1151 veris
800 1104 923 1149 falsa
961 1103 1206 1159 seiungere
1254 1102 1474 1148 studebat
1518 1114 1657 1159 quam
1701 1102 2079 1161 diligentissime,
2130 1106 2319 1151 omnino

294 1180 466 1233 autem,
519 1177 632 1234 quin
665 1178 901 1233 comperta
945 1187 1001 1219 ex
1034 1174 1142 1219 aliis
1175 1174 1339 1219 iudicii
1372 1174 1587 1219 acumine
1620 1175 1905 1232 ingeniique,
1951 1189 2043 1232 qua
2076 1177 2237 1229 valuit,
2271 1176 2319 1223 vi

294 1252 342 1294 et
374 1249 693 1306 penetraverit
727 1251 773 1293 et
806 1248 855 1292 in
890 1260 1026 1292 suum
1061 1259 1272 1303 quaeque
1292 1247 1443 1291 locum
1460 1246 1723 1303 digesserit,
1757 1248 1863 1304 quis
1884 1251 1970 1305 est,
2004 1249 2084 1305 qui
2105 1249 2319 1295 dubitet?

438 1333 537 1377 Iam
570 1345 677 1378 vero
711 1345 801 1387 quo
835 1331 990 1376 animo
1024 1330 1305 1387 ingenioque
1353 1330 1543 1375 Tacitus
1581 1331 1861 1376 uberrimam
1908 1332 2028 1378 hanc
2074 1333 2318 1380 materiam

292 1404 581 1460 tractaverit,
628 1417 720 1461 qua
753 1405 853 1447 arte
886 1406 933 1447 et
966 1415 1056 1459 quo
1088 1402 1329 1459 proposito
1375 1402 1562 1458 singula
1608 1403 1936 1460 composuerit,
1988 1407 2040 1448 ut
2071 1417 2188 1462 opus
2220 1418 2320 1462 per-

292 1477 467 1522 fectum
515 1476 826 1532 omnibusque
878 1475 1085 1519 numeris
1135 1474 1400 1519 absolutum
1450 1475 1714 1532 perficeret,
1765 1476 1969 1521 breviter
2018 1464 2316 1534 exponamus.

291 1550 446 1606 Atque
496 1549 698 1606 primum
741 1548 929 1605 quidem
976 1549 1023 1592 in
1072 1546 1287 1603 eligenda
1338 1547 1534 1592 materia
1585 1548 1950 1605 prudentissimo
1999 1549 2193 1596 consilio
2225 1563 2319 1596 non

438 1717 463 1760 ¹)
490 1716 632 1752 Annal.
658 1715 687 1757 Ι,
715 1716 784 1751 69:
810 1714 941 1750 Tradit
978 1714 1020 1750 C.
1046 1715 1204 1755 Plinius,
1232 1714 1546 1762 Germanicorum
1571 1714 1757 1750 bellorum
1782 1716 1961 1761 scriptor;
2005 1716 2098 1752 ibid.
2122 1714 2232 1756 XIII,
2258 1719 2319 1754 20:

285 1777 434 1813 Plinius
460 1781 497 1812 et
523 1776 682 1811 Cluvius
707 1775 803 1810 nihil
829 1774 1046 1810 dubitatum
1071 1774 1117 1809 de
1143 1774 1217 1809 fide
1242 1775 1421 1820 praefecti
1447 1775 1629 1818 referunt;
1662 1774 1754 1810 ibid.
1775 1775 1863 1816 XV,
1891 1776 1948 1812 53:
1975 1776 2077 1823 quod
2103 1776 2318 1826 affinius

285 1840 482 1874 memorat.
503 1836 648 1873 Histor.
675 1835 746 1872 ΙΙΙ.
772 1834 830 1871 28:
857 1834 1043 1870 Hormine
1062 1833 1101 1869 id
1119 1834 1327 1880 ingenium,
1353 1839 1395 1870 ut
1414 1834 1596 1871 Messalla
1615 1835 1740 1878 tradit,
1761 1847 1809 1871 an
1830 1836 1955 1882 potior
1968 1841 2101 1872 auctor
2119 1837 2168 1872 sit
2186 1836 2227 1874 C.
2241 1837 2317 1873 Pli-

295 1897 396 1938 nius,
422 1896 487 1942 qui
513 1895 726 1930 Antonium
752 1895 911 1935 incusat,
938 1893 1041 1928 haud
1066 1894 1178 1929 facile
1204 1893 1451 1931 discreverim.

433 1956 461 2000 2)
489 1955 635 1992 Histor.
663 1954 735 1996 ΠΙ,
762 1955 820 1991 25:
845 1953 903 1990 Eo
930 1953 1137 1990 notabilior
1161 1951 1296 1990 caedes
1320 1952 1403 1996 fuit,
1430 1954 1520 2002 quia
1544 1954 1646 1990 filius
1670 1958 1818 2002 patrem
1844 1954 2045 2004 interfecit.
2077 1955 2172 1992 Rem
2197 1956 2317 1993 nomi-

287 2027 414 2063 naque
441 2018 598 2051 auctore
623 2015 814 2060 Vipstano
841 2014 1025 2049 Messalla
1051 2013 1209 2048 tradam.
1237 2014 1294 2049 Cf.
1315 2014 1406 2050 ibid.
1432 2014 1504 2055 ΙΙΙ,
1531 2015 1589 2050 28.

435 2076 463 2120 ³)
490 2076 635 2111 Fabius
661 2075 854 2115 Rusticus,
892 2074 1037 2109 amicus
1069 2072 1251 2117 Senecae,
1289 2073 1468 2111 historiae
1502 2074 1664 2111 Neronis
1700 2078 1738 2111 et
1773 2075 1931 2112 fortasse
1970 2077 2083 2112 etiam
2120 2075 2317 2125 Caligulae

295 2136 526 2183 Claudiique
552 2139 696 2171 auctor.
731 2135 823 2181 Agr.
851 2134 907 2170 10:
935 2134 1113 2169 Formam
1138 2135 1256 2169 totius
1281 2135 1502 2171 Britanniae
1527 2135 1659 2171 Livius
1683 2140 1861 2176 veterum,
1888 2136 2031 2172 Fabius
2056 2137 2237 2186 Rusticus
2261 2148 2318 2174 re-

289 2200 456 2234 centium
481 2196 782 2244 eloquentissimi
809 2199 982 2231 auctores
1008 2195 1200 2241 oblongae
1220 2195 1390 2231 scutulae
1410 2195 1469 2232 vel
1490 2196 1645 2243 bipenni
1664 2196 1944 2234 assimulavere.
1977 2196 2033 2234 Cf.
2053 2198 2181 2235 annal.
2202 2197 2316 2242 XIII,
2380 2236 2384 2239 ,

289 2263 298 2276 ⁸
338 2287 346 2294 .
474 2286 481 2296 .
509 2259 553 2300 2;
582 2256 671 2296 XV.
699 2257 757 2292 61.

289 2259 336 2294 ΔΟ
374 2257 612 2361 X‡⁴)VAnnal.
641 2317 755 2360 XIII,
776 2317 834 2352 20:
856 2315 1003 2351 Plinius
1029 2319 1067 2351 et
1092 2315 1251 2352 Cluvius
1276 2314 1372 2351 nihil
1398 2315 1614 2353 dubitatum
1639 2316 1686 2353 de
1712 2316 1785 2353 fide
1811 2317 1992 2364 praefecti
2016 2317 2193 2355 referunt.
2220 2318 2317 2369 Ibid.

289 2379 399 2419 XIV,
427 2379 460 2413 2:
488 2376 605 2412 tradit
632 2376 788 2412 Cluvius
814 2404 822 2412 .
850 2403 859 2412 .
888 2403 896 2412 .
924 2404 932 2412 .
960 2382 998 2410 et
1022 2376 1194 2411 inferius:
1229 2375 1316 2411 »sed
1342 2387 1439 2422 quae
1465 2376 1630 2416 Cluvius,
1662 2377 1796 2413 eadem
1821 2379 1934 2414 ceteri
1968 2390 2119 2425 quoque
2144 2383 2319 2415 auctores

287 2438 521 2486 prodidere«
551 2437 697 2473 Histor.
724 2437 797 2478 ΙΙΙ,
823 2436 881 2472 65:
913 2437 1029 2472 verba
1054 2446 1240 2483 vocesque
1265 2435 1363 2472 duos
1388 2441 1502 2472 testes
1527 2436 1731 2482 habebant,
1757 2437 1934 2474 Cluvium
1958 2438 2102 2475 Rufum
2126 2443 2166 2475 et
2183 2439 2319 2476 Silium

289 2499 475 2534 Italicum.

418 2559 446 2601 ⁵)
473 2558 617 2593 Histor.
645 2556 718 2597 ΙΙΙ,
744 2556 804 2592 51:
831 2567 920 2592 nam
945 2555 1102 2602 proelio,
1135 2566 1210 2602 quo
1237 2555 1341 2602 apud
1374 2555 1590 2591 Ianiculum
1616 2555 1795 2592 adversus
1822 2557 1984 2594 Cinnam
2008 2562 2224 2606 pugnatum
2249 2563 2318 2602 est,
2383 2595 2386 2599 ,
2434 2535 2436 2539 -
2458 2555 2459 2558 ¹

290 2620 549 2666 Pompeianus
568 2618 677 2652 miles
697 2617 851 2652 fratrem
866 2628 986 2656 suum,
1007 2616 1095 2651 dein
1110 2616 1265 2662 cognito
1283 2617 1453 2652 facinore
1473 2616 1652 2662 seipsum
1670 2617 1868 2658 interfecit,
1887 2621 1930 2654 ut
1949 2617 2110 2655 Sisenna
2122 2626 2317 2657 memorat.

417 2677 444 2721 6)
471 2677 612 2713 Annal.
637 2677 709 2716 III,
737 2677 795 2712 30:
824 2676 865 2712 C.
894 2675 1111 2718 Sallustius,
1138 2686 1261 2711 rerum
1286 2676 1547 2712 Romanorum
1571 2675 1858 2713 florentissimus
1883 2684 2025 2715 auctor.

420 2739 445 2785 ⁷)
474 2739 600 2784 Agric.
645 2739 700 2772 10:
734 2736 912 2772 Formam
948 2737 1066 2772 totius
1092 2736 1311 2772 Britanniae
1336 2735 1466 2772 Livius
1506 2742 1683 2778 veterum,
1719 2736 1862 2773 Fabius
1895 2738 2073 2774 Rusticus
2110 2740 2319 2776 recentium

289 2799 588 2847 eloquentissimi
603 2802 776 2833 auctores
802 2797 993 2842 oblongae
1007 2797 1179 2832 scutulae
1206 2797 1265 2833 vel
1291 2796 1448 2843 bipenni
1474 2797 1751 2834 assimulavere.
1777 2798 1917 2840 Annal.
1944 2799 2015 2841 IV,
2034 2800 2101 2837 34:
2126 2800 2235 2837 Titus
2260 2800 2318 2837 Li-

289 2862 373 2896 vius
399 2859 638 2907 eloquentiae
665 2869 710 2893 ac
737 2856 824 2893 fidei
850 2857 1066 2904 praeclarus
1092 2857 1131 2892 in
1157 2857 1288 2903 primis
1320 2856 1389 2893 Cn.
1415 2856 1640 2903 Pompeium
1665 2859 1781 2894 tantis
1806 2859 1985 2895 laudibus
2010 2860 2108 2903 tulit,
2135 2866 2178 2896 ut
2203 2861 2314 2897 Pom·

290 2921 469 2966 peianum
496 2931 582 2954 eum
608 2919 828 2963 Augustum
854 2918 1076 2963 appellaret.
2127 2918 2130 2920 “

419 2979 445 3022 ςὸ)
474 2980 613 3016 Annal.
640 2979 671 3022 I,
693 2979 753 3014 72:
781 2978 901 3014 Facta
926 2978 1193 3024 arguebantur,
1219 2976 1322 3014 dicta
1347 2976 1501 3024 impune
1527 2981 1651 3022 erant;
1670 2977 1813 3026 primus
1838 2979 2036 3027 Augustus
2061 2981 2320 3028 cognitionem

291 3040 338 3076 de
364 3040 518 3075 famosis
544 3039 684 3074 libellis
716 3039 841 3085 specie
868 3038 963 3084 legis
989 3038 1068 3072 eius
1096 3039 1273 3073 tractavit
1298 3042 1510 3074 commotus
1536 3038 1655 3074 Cassii
1687 3039 1814 3075 Severi
1844 3040 2014 3085 libidine,
2041 3054 2116 3088 qua
2142 3044 2242 3078 viros
2266 3042 2318 3078 fe-

291 3100 489 3146 minasque
515 3099 680 3134 illustres
705 3098 932 3145 procacibus
957 3098 1105 3145 scriptis
1131 3097 1402 3134 diffamaverat.
1429 3097 1484 3135 Cf.
1510 3098 1600 3135 ibid.
1627 3099 1698 3144 IV,
1718 3100 1775 3137 21.

425 3158 451 3206 s')
479 3160 619 3196 Annal.
656 3160 726 3204 IV,
752 3159 810 3195 34:
838 3159 1015 3196 Cornelio
1054 3160 1186 3204 Cosso,
1223 3159 1358 3195 Asinio
1390 3159 1562 3206 Agrippa
1587 3160 1808 3196 consulibus
1834 3161 2048 3197 Cremutius
2073 3162 2221 3199 Cordus
2250 3174 2320 3211 po-

291 3223 466 3261 stulatur,
494 3233 592 3257 novo
620 3233 664 3257 ac
690 3226 781 3257 tunc
815 3223 978 3268 primum
1003 3222 1135 3258 audito
1161 3222 1329 3264 crimine,
1369 3221 1471 3268 quod
1496 3221 1606 3258 editis
1640 3223 1844 3258 annalibus
1869 3223 2102 3271 laudatoque
2127 3224 2181 3262 M.
2201 3224 2319 3261 Bruto
2355 3237 2357 3239 ’
2423 3255 2432 3264 ,
2456 3206 2461 3213 ⁵

294 3280 334 3318 C.
362 3280 536 3317 Cassium
562 3281 822 3318 Romanorum
849 3282 1024 3318 ultimum
1049 3282 1216 3318 dixisset.
