2461 3472
550 320 639 411 De
689 319 905 412 Taciti
946 301 1344 412 educatione
1397 318 1465 412 et
1496 295 1944 455 institutione.

156 589 158 591 ‚
370 530 518 576 'I'aciti
553 530 768 576 educatio
800 533 848 576 et
880 531 1121 576 institutio
1156 543 1285 589 quae
1316 531 1473 588 fuerit,
1503 530 1676 588 partim
1710 542 1767 576 ex
1797 530 1951 589 ipsius
1993 501 2118 589 parti
2152 586 2165 591 ,

152 620 186 662 5
222 600 368 649 Plinii
399 604 597 649 minoris
629 602 822 660 scriptis
854 604 1085 660 docemur,
1119 604 1201 660 qui
1221 604 1419 648 intimus
1451 603 1553 648 eius
1586 602 1764 648 amicus
1795 602 2043 660 sociusque
2074 603 2236 660 erat
2251 649 2260 660 ,

151 674 158 698 ¹
184 728 189 731 μ
222 674 500 731 gaudiorum
534 676 582 720 et
614 675 856 719 malorum.
2203 671 2205 673 ’

368 746 467 792 Iam
499 746 622 804 quod
654 759 824 804 genere
858 746 1004 792 nobili
1038 748 1177 791 natus
1210 747 1311 791 erat
1344 744 1534 790 Tacitus
1575 756 1726 803 neque
1758 745 1914 791 minus
1957 757 2015 791 ex
2044 740 2235 795 discenti

77 857 95 879 ἦ,
150 820 153 825 “
222 818 482 875 cupiditate
526 822 575 863 et
617 819 763 862 nimio
796 819 1057 863 studiorum
1104 818 1266 862 ardore
1314 830 1486 874 magna
1529 817 1776 874 diligentia
1812 821 1861 862 et
1904 829 2014 862 cura
2059 806 2118 862 ad
2149 817 2195 865 ei

221 890 574 936 institutionem
607 891 998 948 adhibita-fuisse
1034 891 1228 946 videtur,
1275 903 1408 947 quae,
1442 902 1547 935 cum
1578 890 1751 947 placidi
1782 891 1831 936 et
1862 890 1982 935 casti
2024 881 2204 935 mores·

219 963 463 1022 tamquam
496 963 650 1010 innati
682 966 855 1021 essent,
898 977 951 1010 eo
984 962 1169 1009 felicius
1201 963 1444 1021 processit.
1477 989 1536 996 —
1568 962 1845 1021 Antiquitas
1877 962 2004 1009 enim
2034 974 2188 1017 serva,

76 1026 119 1096 3⁹
222 1047 325 1080 mos
357 1036 503 1090 erat¹)
554 1035 773 1092 inprimis
818 1048 846 1079 a
887 1035 1144 1080 maioribus
1193 1035 1506 1079 Romanorum
1553 1033 1809 1091 ordinibus,
1856 1036 1909 1079 ut
1939 1033 2279 1097 ,parentes'ecR

215 1106 474 1166 propinqui
508 1106 706 1153 multum
739 1107 1003 1153 conferrent
1035 1106 1093 1152 ad
1126 1109 1429 1164 cognatorum
1448 1106 1991 1164 consanguineorumque
2021 1105 2277 1165 rationem}

164 1186 166 1188 ·
193 1185 196 1195 ’
220 1178 514 1224 educationis
547 1183 594 1224 et
626 1179 1007 1236 institutionis,²)
1040 1179 1087 1222 id
1108 1179 1230 1235 quod
1262 1179 1470 1235 exceptis
1502 1179 1744 1222 dumtaxat
1773 1178 2012 1224 nonnullis
2029 1168 2196 1236 gentio*
2221 1180 2225 1182 ’
2254 1177 2258 1179 “

94 1242 100 1247 ”
152 1258 155 1260 ’
219 1251 410 1296 Tacitea
441 1265 624 1308 quoque
656 1254 812 1296 aetate
844 1253 1044 1297 valebat.
1084 1251 1222 1295 Pater
1253 1253 1378 1294 enim
1410 1252 1616 1295 familias
1662 1263 1846 1307 semper
1877 1264 2065 1307 operam
2095 1247 2279 1309 ffssbsstrt

219 1324 274 1370 ut
305 1322 556 1370 liberorum
588 1326 636 1370 et
668 1323 874 1382 corporis
919 1327 967 1369 et
1012 1323 1158 1369 animi
1192 1322 1335 1369 saluti
1380 1322 1665 1381 consuleret;
1710 1324 1852 1369 huius
1901 1321 2082 1381 patriae
2114 1315 2270 1382 curae*

183 1416 187 1419 ²
218 1395 433 1442 Tacitum
466 1397 660 1441 minime
693 1400 931 1453 expertem
964 1396 1113 1440 fuisse
1152 1396 1441 1452 putabimus
1491 1395 1632 1440 Pater
1663 1396 1781 1452 eius,
1826 1407 1969 1453 eques
2000 1395 2252 1454 Romanus,
2278 1449 2280 1452 y

174 1481 177 1489 ’·
217 1470 299 1526 qui
330 1469 549 1525 Belgicae
582 1469 762 1514 Galliae
806 1470 1014 1513 rationes
1059 1470 1340 1525 procuravit,
1360 1469 1390 1523 ³)
1424 1482 1517 1513 non
1549 1469 1701 1513 solum
1750 1470 1980 1514 sermonis
2012 1469 2170 1513 Latini
2202 1472 2252 1514 et

217 1539 398 1598 Graeci,
432 1541 514 1588 sed
547 1542 692 1588 etiam
724 1541 924 1598 barbari,
958 1541 1039 1599 qui
1071 1541 1325 1598 dicebatur,
1358 1541 1540 1599 peritus
1571 1540 1677 1598 fuit,
1704 1553 1809 1587 cum
1840 1540 2034 1588 alterius
2051 1539 2253 1588 scientia

214 1613 266 1658 in
298 1613 487 1658 homine
520 1614 702 1658 erudito
735 1626 817 1671 per
848 1626 900 1657 se
933 1614 1298 1669 intellegeretur,
1332 1615 1530 1657 alterum
1557 1618 1714 1657 autem
1737 1613 1786 1657 in
1806 1625 1997 1658 munere
2015 1607 2250 1669 fungendo

215 1685 330 1730 adeo
363 1698 471 1729 eum
503 1686 625 1729 scire
658 1698 850 1729 necesse
883 1688 1022 1740 esset,
1057 1690 1110 1728 ut
1143 1698 1304 1729 omnes
1338 1686 1633 1741 intellegeret
1665 1686 1973 1742 omnibusque
2003 1697 2089 1741 par
2120 1686 2250 1729 esset
2309 1680 2351 1742 [⁴

215 1757 266 1802 in
297 1756 519 1813 loquendi
551 1757 789 1802 facultate.
825 1756 988 1813 Itaque
1022 1756 1124 1801 sine
1157 1756 1299 1802 dubio
1344 1756 1492 1801 filium
1512 1796 1515 1800 .
1536 1769 1719 1814 quoque
1751 1769 1963 1803 sermone
1995 1756 2169 1803 Graeco
2201 1758 2252 1802 et'
2295 1800 2297 1802 ,

20 1866 96 1895 a..
215 1827 385 1874 Latino
430 1828 532 1886 pari
580 1829 713 1874 modo
768 1828 1073 1873 erudiendum
1124 1827 1319 1886 curavit,
1371 1840 1399 1873 a
1440 1840 1545 1886 quc,
1590 1833 1642 1874 ut
1686 1826 2010 1884 Quintilianus
2053 1827 2201 1886 docet,
2214 1828 2269 1884 *γ
2311 1876 2317 1879 ,

132 1925 140 1964 5
216 1900 458 1946 institutio
492 1902 686 1958 puerilis
718 1901 987 1958 incipienda
1020 1903 1106 1944 est.
1157 1901 1305 1945 Multo
1336 1907 1579 1957 praeterea
1623 1902 1844 1946 maiorem
1878 1912 2144 1946 sermonum
2174 1891 2278 1946 (zo-⁴⁴
2329 1894 2432 1955 ἶ

38 1962 93 2013 fiij-‘³'
141 2015 155 2028 -‚
215 1973 346 2029 piam
389 1973 481 2017 sibi
526 1973 837 2029 acquisivisse
882 1973 1066 2018 videtur
1103 1973 1330 2028 gentium,
1377 1985 1496 2028 quae
1536 1972 1585 2016 in
1630 1973 1812 2018 dicione
1856 1973 2017 2029 populi
2049 1972 2248 2018 Romani
2320 1961 2433 2036 fris

24 2040 74 2063 z.
217 2045 352 2089 erant
385 2046 467 2089 aut
498 2044 774 2090 commercio
809 2045 1073 2100 utebantur,
1108 2056 1302 2101 quorum
1337 2043 1565 2090 nonnulos
1599 2056 1627 2089 a
1656 2048 1790 2101 patre
1821 2044 1896 2091 vel
1922 2057 1950 2090 a
1970 2043 2248 2103 propinquis
2288 2041 2297 2051 ”
2365 2035 2447 2103 ῥᾴῖ

217 2127 326 2162 eum
356 2115 579 2162 didicisse
612 2129 696 2175 par
728 2120 814 2163 est.
860 2116 954 2162 Nec
986 2116 1156 2162 desunt
1189 2128 1345 2162 eorum
1379 2116 1639 2162 studiorum
1671 2116 1820 2163 multa
1850 2119 1899 2163 et
1929 2117 2167 2175 praeclara
2197 2116 2250 2163 in
2292 2106 2306 2172 ‚'
2330 2112 2436 2169 4:5³?

217 2189 410 2246 scriptis
444 2190 546 2234 eius
578 2190 871 2235 documenta.
906 2189 1079 2234 Eadem
1105 2192 1246 2245 atque
1279 2201 1542 2234 sermonum
1577 2192 1677 2234 erat
1697 2190 1897 2235 eruditio
1922 2177 2269 2234 institutorum⁷
2294 2181 2431 2245 }.'‡³'2÷2“‘⁴:„

124 2274 127 2277 ’
164 2292 185 2301 ψ-
218 2262 447 2320 gentium.
480 2262 620 2307 Pater
653 2263 779 2308 enim
824 2262 973 2307 lilium
1006 2274 1097 2307 nou
1143 2261 1293 2307 solum
1325 2262 1613 2319 vernaculas,
1656 2262 1738 2307 sed
1782 2262 1926 2308 etiam
1957 2264 2140 2308 exteras
2171 2273 2248 2309 res
2350 2290 2407 2306 ,ι

74 2340 80 2349 “
218 2335 428 2390 docebat,
474 2347 670 2391 quarum
717 2335 837 2390 illas,
890 2335 931 2379 si
982 2335 1088 2391 quis
1137 2333 1375 2379 Romanus
1423 2334 1472 2378 in
1519 2335 1675 2391 patria
1717 2334 1998 2391 dignitatem
2041 2335 2248 2392 aliquam

218 2406 431 2452 obtinere
464 2406 657 2464 cupivit,
703 2409 814 2452 ante
847 2406 1005 2452 omnia
1049 2406 1169 2451 scire
1216 2407 1395 2463 debuit;
1442 2418 1592 2463 neque
1636 2405 1792 2452 minus
1836 2419 1893 2452 ex
1923 2394 2298 2471 magnitudine'

217 2478 407 2536 imperii
440 2478 652 2535 Romani,
704 2491 844 2536 quam
885 2490 942 2523 ex
975 2491 1153 2523 morum
1194 2478 1443 2536 legumque
1487 2478 1718 2525 varietate
1767 2481 1908 2536 atque
1940 2476 2248 2525 finitimarum

367 2621 393 2664 ¹)
438 2621 493 2659 Cf.
534 2621 767 2670 Grasberger
809 2621 865 2666 L„
902 2622 1117 2667 Erziehung
1154 2620 1233 2657 und
1272 2621 1491 2659 Unterricht
1528 2622 1581 2659 im
1617 2623 1728 2659 class.
1767 2621 1995 2667 Alter-thum,
2031 2622 2249 2670 Wiirzbusg

219 2680 461 2719 1864-1881
489 2681 520 2726 1,
547 2693 608 2729 pg.
634 2683 705 2718 215
732 2694 825 2730 sqq„
852 2694 914 2729 pg.
941 2683 1011 2718 221
1038 2694 1118 2732 sqq.
1157 2682 1383 2729 Marquardt
1401 2702 1447 2708 —-
1467 2682 1693 2728 Mommsen,
1719 2682 1877 2723 Handb.
1902 2683 1939 2719 d.
1965 2687 2058 2720 riim.
2084 2683 2250 2727 Ami-th.

216 2741 377 2789 Leipiig
404 2743 499 2778 1879
525 2742 618 2786 V11,
646 2744 665 2778 1
693 2756 754 2790 pg.
783 2746 829 2780 79
856 2755 922 2790 sq„
955 2755 1017 2790 pg.
1045 2745 1090 2780 87
1118 2755 1198 2790 sqq.
2259 2742 2261 2744 ’

367 2802 395 2848 ²)
420 2802 541 2840 Tacit.
566 2802 707 2851 dialog.
732 2804 793 2841 34.
2263 2831 2272 2855 ;

365 2863 393 2906 ³)
420 2863 476 2900 cf.
503 2864 647 2907 Haase,
686 2866 773 2901 Tac.
801 2876 890 2911 opp.
929 2865 1085 2911 praefat.
1125 2877 1188 2912 pg.
1228 2866 1286 2901 V1
1312 2877 1392 2912 sqq.
1431 2866 1564 2911 Finck,
1604 2867 1762 2914 praefat.
1803 2867 1851 2903 ad
1877 2867 2003 2905 Germ.
2027 2879 2090 2916 pg.
2116 2868 2141 2905 5
2164 2870 2264 2916 ης.)

217 2922 452 2972 Nipperdey,
478 2923 637 2971 praefat.
675 2923 724 2960 ad
749 2925 837 2962 Tae.
864 2937 953 2973 opp.
981 2937 1042 2973 pg.
1072 2926 1094 2961 2
1120 2937 1175 2977 sq.
1215 2926 1378 2971 Liebert‚
1416 2926 1463 2962 de
1500 2926 1676 2964 doctrina
1718 2928 1851 2967 Taciti.
1879 2928 2116 2978 wirceburgi
2141 2926 2249 2974 1868,
2258 2934 2274 2964 ss

217 2995 282 3033 pg.
309 2986 342 3022 3.
371 2985 534 3028 Ulrichs‚
573 2985 619 3021 de
646 2986 723 3021 vita
760 2992 797 3022 et
833 2987 1042 3023 honoribus
1079 2988 1211 3033 Taciti,
1253 2987 1487 3036 wirceburgi
1527 2990 1621 3026 1879
1649 3002 1713 3038 pg.
1754 2992 1772 3027 1
1801 3002 1881 3039 sqq.
1920 2991 2087 3037 Wrobel,
2112 2990 2170 3028 vir
2192 2989 2247 3027 ill.
2275 3014 2281 3028 .-

218 3046 258 3082 in
285 3045 436 3082 scholis.

367 3105 393 3149 ⁴)
419 3105 545 3142 Instit.
573 3110 666 3142 orat.
693 3106 723 3150 Ι,
754 3108 784 3150 1,
814 3108 867 3143 12.
