2461 3472
0 1475 13 1485 .,

5 1679 22 1687 ..

6 1753 13 1761 .

3 1866 22 1894 ’.ι

0 1929 7 1937 ,

0 2133 2 2140 ,

0 2194 7 2202 .

0 2237 8 2250 V

16 2264 19 2267 .
31 2267 35 2274 .

3 2283 13 2298 ἵ
21 2296 25 2300 .

4 2518 15 2525 ,,

0 2552 12 2573 f*

0 2610 25 2644 ἕρ

304 464 480 522 eodem,
521 476 611 521 quo
656 464 736 509 ille
786 464 909 508 diem
955 476 1225 520 supremum
1258 463 1449 518 obiit.¹)⁴
1491 464 1574 508 Illo
1613 464 1739 507 enim
1784 477 1904 509 anno
1948 466 2005 510 ad
2050 466 2328 514 vicesimum

303 537 521 593 quintum
560 537 733 581 aetatis
777 550 951 581 annum
995 538 1284 592 pervenerat,
1326 535 1368 581 si
1400 548 1507 581 eum
1552 548 1672 581 anno
1705 538 1764 580 54
1801 539 1964 582 natum
2014 550 2117 584 esse
2161 541 2328 587 statui-

301 620 421 652 mus.
455 608 669 652 Mortuus
708 608 833 651 enim
866 610 939 651 est
980 608 1301 664 Vespasianus
1335 610 1443 652 ante
1475 607 1599 652 diem
1636 607 1867 652 decimum
1907 609 2139 655 Kalendas
2170 611 2326 659 Julias
2393 594 2413 604 '¹

301 692 423 724 anno
459 683 534 735 79;
582 680 701 724 inire
734 679 948 723 solebant
996 679 1190 725 iuvenes
1233 680 1533 736 quaesturam
1566 678 1713 724 Nonis
1749 679 2098 726 Decembribus.
2161 682 2325 742 Itaque

301 751 492 795 Tacitus
525 751 779 808 Nipperdei
824 751 1092 796 coniectura
1137 764 1258 795 anno
1303 754 1362 795 54
1417 754 1555 795 natus
1601 754 1819 807 quaestor
1863 752 2137 809 designatus
2183 769 2323 812 quam

298 824 503 879 primum
535 825 719 879 poterat
752 835 779 867 a
810 822 1102 879 Vespasiano
1136 835 1256 868 anno
1290 824 1346 867 79
1380 824 1487 879 post
1519 822 1621 867 eius
1662 826 1857 867 mortem
1889 824 2048 869 eodem
2082 837 2202 872 anno
2236 828 2323 874 No-

299 895 374 939 nis
419 895 755 940 Decembribus
803 907 974 939 munus
1030 908 1168 939 suum
1213 895 1436 951 suscepit.
1502 893 1647 939 Secus
1690 895 1836 939 sentit
1881 895 2193 956 Urlichsius,²)
2240 902 2320 957 qui

298 966 450 1011 Taciti
495 967 776 1023 dignitatem
809 967 1123 1022 quaestoriam
1158 979 1185 1010 a
1218 967 1507 1023 Vespasiano
1552 979 1672 1011 anno
1708 969 1763 1015 79
1796 970 1974 1013 mortuo
2006 970 2167 1014 eodem
2199 984 2320 1018 anno

296 1038 445 1083 Nonis
488 1039 824 1084 Decembribus
857 1039 1076 1083 inchoare
1109 1051 1201 1082 non
1239 1039 1450 1094 potuisse
1490 1038 1742 1082 arbitratus
1775 1050 1881 1083 eum
1913 1039 2016 1085 Tito
2061 1042 2320 1099 imperante

230 1107 237 1113 ’
296 1122 418 1155 anno
453 1113 507 1155 81
555 1112 864 1167 quaestorem,
910 1109 1076 1154 deinde
1109 1121 1230 1153 anno
1277 1111 1335 1153 84
1367 1109 1564 1154 aedilem
1606 1110 1680 1155 vel
1718 1110 1958 1157 tribunum
1994 1112 2171 1158 factum
2216 1127 2321 1161 esse

295 1185 470 1226 censet.
534 1183 604 1226 Ab
638 1186 835 1237 utroque
881 1181 1104 1224 dissentit
1148 1180 1414 1235 Haaseus,³)
1449 1181 1529 1236 qui
1572 1180 1785 1225 Tacitum
1822 1194 1863 1226 a.
1910 1185 1967 1226 84
2010 1188 2318 1242 quaestorem,

294 1266 334 1298 a.
370 1256 426 1298 86
472 1254 713 1298 tribunum
746 1252 898 1309 plebis
932 1252 1007 1298 vel
1039 1249 1252 1307 aedilem,
1293 1264 1332 1296 a.
1367 1254 1422 1295 88
1455 1252 1725 1297 Domitiano
1767 1254 2025 1310 imperante
2058 1261 2318 1312 praetorem

290 1325 441 1370 fuisse
475 1328 654 1381 censet;
688 1325 967 1381 dignitatem
1000 1326 1157 1368 autem
1191 1336 1219 1368 a
1250 1323 1541 1381 Vespasiano
1575 1324 1841 1369 inchoatam
1874 1326 1931 1370 ad
1964 1327 2317 1383 vigintiviratus

291 1411 461 1442 munus
495 1398 651 1442 refert.
686 1397 778 1441 Sed
810 1397 1001 1440 difficile
1035 1400 1107 1441 est
1127 1396 1407 1453 disceptatu,
1429 1396 1562 1441 cuius
1594 1396 1821 1442 iudicium
1853 1399 2004 1455 magis
2037 1401 2315 1460 satisfaciat,

290 1470 464 1527 quippe
499 1483 603 1515 cum
637 1469 851 1527 quaestio
885 1470 999 1513 haec
1033 1471 1203 1513 natura
1235 1480 1322 1512 sua
1352 1468 1494 1512 dubia
1525 1468 1590 1512 sit
1622 1470 1670 1513 et
1702 1469 1894 1515 incerta.
1928 1471 2205 1519 Rationibus
2232 1475 2317 1531 igi-

288 1544 366 1585 tur
399 1542 540 1586 certis
575 1555 695 1586 anno
731 1544 787 1586 88
807 1541 1076 1586 Domitiano
1098 1541 1358 1597 imperante
1391 1543 1578 1597 praetor
1596 1541 1751 1585 factus
1784 1542 1832 1585 in
1868 1543 2114 1600 collegium
2134 1558 2315 1604 quoque

289 1613 773 1668 Quindecimvirorum
817 1613 964 1656 saeris
1009 1612 1242 1656 faciundis
1288 1614 1533 1667 cooptatus
1578 1612 1703 1669 est,⁴)
1750 1626 1841 1669 quo
1886 1615 2075 1660 munere
2113 1617 2315 1674 fungens

285 1684 419 1730 ludos
465 1685 729 1730 saeculares
777 1697 805 1729 a
854 1684 1124 1728 Domitiano
1169 1683 1321 1728 editos
1369 1683 1720 1728 administravit
1765 1689 1813 1729 et
1861 1686 2147 1743 ordinavit.⁵)
2211 1690 2313 1735 Non
2352 1713 2356 1721 ·

286 1757 432 1800 multo
476 1759 584 1813 post
616 1759 776 1800 urbem
822 1756 1013 1811 reliquit
1046 1755 1145 1799 sive
1189 1755 1345 1799 taedio
1379 1755 1729 1799 crudelissimae
1775 1759 2052 1814 tyrannidis,
2110 1762 2224 1818 sive,
2259 1767 2312 1807 ut

218 1830 233 1843 ⁸
286 1827 548 1873 Ulrichsius
580 1828 696 1884 vult,
730 1827 913 1872 muneri
948 1826 1131 1871 cuidam
1164 1826 1396 1882 praetorio
1429 1826 1624 1871 vacandi
1660 1839 1814 1872 causa.
1880 1830 1976 1884 Quo
2010 1833 2164 1877 autem
2201 1837 2312 1879 tem-

285 1912 396 1956 pore
415 1899 647 1956 Agricola,
681 1900 833 1955 ipsius
867 1911 1010 1954 socer,
1045 1912 1183 1955 quem
1216 1902 1268 1942 ut
1300 1901 1482 1954 patrem
1516 1899 1741 1954 diligebat
1773 1903 1819 1943 et
1851 1905 2172 1961 venerabatur,
2194 1920 2310 1951 mor-

285 1974 396 2016 tuus
429 1975 503 2017 est
536 1975 675 2026 (anno
709 1986 753 2028 p.
788 1971 893 2016 Chr.
928 1974 1023 2015 nat.
1058 1973 1146 2026 93),
1182 1971 1353 2015 Romae
1387 1982 1438 2014 se
1472 1983 1563 2014 non
1597 1970 1787 2016 affuisse
1817 1972 1918 2028 ipse
1959 1979 2307 2035 conqueritur.‘⁵)

284 2044 454 2089 Postea
484 2056 595 2090 vero
642 2043 836 2088 Romam
885 2054 1104 2089 reversus
1137 2054 1258 2087 anno
1292 2045 1347 2086 97
1394 2042 1673 2099 imperatore
1707 2043 1859 2088 Nerva
1892 2048 2053 2090 consul
2086 2050 2309 2096 suffectus

285 2119 359 2160 est
391 2117 615 2172 Verginio
648 2116 767 2160 Rufo
804 2116 999 2171 consuli,
1033 2129 1172 2172 quem
1204 2115 1475 2159 defunctum
1508 2116 1695 2171 publica
1726 2117 1935 2180 oratione
1968 2120 2191 2166 laudavit.
2223 2125 2311 2168 De-

285 2188 393 2232 inde
426 2191 583 2233 autem
616 2188 866 2244 imperium
899 2189 1140 2232 obtinente
1180 2187 1378 2231 Traiano
1411 2188 1469 2231 ab
1503 2200 1624 2232 anno
1656 2187 1753 2232 fere
1788 2191 1872 2233 102
1904 2192 2106 2246 publicis
2139 2194 2310 2254 officiis

285 2260 531 2317 abstinuit,
570 2263 623 2305 ut
655 2260 881 2305 historiae
921 2260 994 2304 sui
1028 2260 1131 2306 aevi
1165 2260 1437 2304 scribendae
1481 2262 1633 2304 totum
1665 2272 1715 2304 se
1760 2261 1941 2318 daret,⁷)
1975 2277 2064 2321 quo
2098 2266 2309 2325 principe

282 2346 435 2377 raram
468 2333 584 2377 dicit
616 2335 878 2389 temporum
909 2333 1200 2389 felicitatem,
1234 2332 1314 2377 ubi
1363 2332 1539 2377 sentire
1572 2345 1690 2388 quae
1723 2334 1840 2379 velis
1873 2337 1921 2379 et
1961 2350 2079 2393 quae
2112 2340 2307 2397 sentias,

283 2406 437 2450 dicere
469 2406 632 2459 licet&

429 2489 593 2545 Itaque
640 2501 878 2545 nunquam
923 2501 978 2533 ex
1011 2488 1237 2533 memoria
1283 2488 1568 2545 deponamus
1614 2488 1826 2535 Tacitum
1858 2504 1948 2537 non
1982 2495 2038 2538 ab
2072 2494 2210 2541 initio
2243 2509 2309 2542 re-

282 2573 385 2605 rum
419 2561 661 2619 scriptoris
707 2573 876 2605 munus
910 2561 1190 2618 suscepisse,
1236 2561 1318 2605 sed
1352 2574 1456 2605 cum
1490 2574 1706 2617 magnam
1751 2563 1877 2607 vitae
1909 2567 2091 2621 partem
2121 2567 2222 2613 foro
2255 2581 2310 2614 ac

282 2635 349 2678 rei
385 2634 600 2692 publicae
639 2634 932 2689 inservisset,
966 2634 1227 2698 accinxisse
1273 2647 1377 2678 sese
1409 2634 1467 2678 ad
1501 2647 1575 2678 res
1607 2637 1765 2690 gestas
1799 2638 2001 2692 posteris
2045 2640 2307 2687 tradendas.

284 2706 387 2760 Qua
432 2710 588 2751 autem
637 2709 736 2751 arte
771 2709 817 2751 et
850 2720 943 2762 qua
987 2706 1167 2752 ratione
1212 2706 1401 2752 Tacitus
1447 2706 1694 2752 historiam
1738 2721 1870 2754 suam
1911 2711 2166 2771 scripserit,
2213 2713 2309 2761 iam

432 2851 456 2892 1)
484 2851 649 2890 Wrobel,
678 2863 710 2885 v.
738 2851 803 2893 ill„
830 2851 869 2885 in
898 2852 1050 2886 scholis.

429 2911 454 2951 2)
482 2910 705 2950 Urlichsius,
733 2909 780 2945 de
806 2911 882 2947 vita
909 2915 946 2947 et
972 2911 1182 2948 honoribus
1208 2911 1340 2955 Taciti,
1369 2911 1606 2958 Wirceburgi
1635 2913 1738 2957 1879,
1766 2925 1829 2960 pg.
1856 2913 1889 2949 3.

429 2970 455 3011 ³)
482 2971 506 3006 1.
533 2971 558 3005 l.
587 2982 647 3016 pg.
675 2971 746 3006 IX.

429 3031 456 3072 4“)
485 3031 646 3071 Liebert,
674 3032 697 3067 l.
725 3032 749 3066 l.
777 3043 838 3078 pg.
868 3033 898 3068 7.
928 3033 1092 3077 Wrobel,
1122 3034 1176 3069 vir
1203 3033 1267 3078 ill„
1294 3034 1332 3068 in
1361 3033 1510 3069 scholis.

431 3089 457 3131 5)
485 3091 623 3125 Annal.
652 3091 721 3133 XI,
750 3092 805 3126 11.

430 3148 456 3191 ⁸)
484 3149 611 3195 Agric.
637 3151 695 3185 45.
844 3144 848 3150 ⁸

431 3207 456 3251 7)
486 3209 694 3245 Ulrichsius
721 3211 744 3247 l.
772 3212 796 3248 l.
823 3223 884 3259 pg.
916 3214 970 3250 16.

430 3269 457 3313 s)
483 3270 628 3305 Histor.
656 3271 685 3313 I,
715 3273 745 3306 1.

308 333 414 367 cum
453 319 533 382 illo
571 321 780 377 tempore
820 322 928 366 ante
961 320 1133 366 aetatis
1176 331 1350 365 annum
1376 319 1604 383 vquintum
1636 321 1686 364 et
1715 319 1992 366 vicesimum
2029 333 2121 367 non
2152 323 2299 387 licere·
2359 360 2461 391 ,1,

277 392 496 437 'Tacitus
528 392 809 449 dignitatem
848 392 977 437 illam
1016 405 1044 437 a
1074 392 1365 449 Vespasiano
1403 392 1614 449 accipere
1647 404 1738 436 non
1776 393 1931 449 potuit
1962 394 2056 439 nisi
2101 407 2227 442 anno
2256 399 2330 455 79,-
2364 433 2366 435 .
