2461 3472
513 250 695 308 audiv-it
725 257 775 304 in
807 255 1061 301 auditoriis
1086 258 1143 302 et
1157 255 1394 334 amicitiae
1420 268 1510 301 usu
1540 257 1586 301 ei
1618 258 1894 302 coniunctus
1917 257 2022 302 fuit.
2031 256 2062 311 ¹)
2093 255 2217 310 Quid

377 321 552 386 mirum
586 327 813 382 Tacitum,
846 327 1062 382 acerrimi
1083 319 1263 382 ingenii
1296 331 1363 371 et
1374 329 1594 371 strenuae
1613 327 1917 384 integraeque
1947 327 2118 372 indolis
2150 328 2218 371 iu-

298 401 409 455 em,
418 397 545 444 omni
572 361 828 454 disciplina
859 396 1102 453 imbutum,
1134 397 1260 442 omni
1294 386 1352 442 ad
1383 396 1687 441 exercendum
1725 397 1965 454 ingenium
2001 399 2217 454 opportu-

200 470 356 531 {ritate
387 469 652 524 subnixum,
697 469 826 513 brevi
858 480 1029 523 magna
1071 468 1366 523 eloquentiae
1404 467 1530 511 fama
1561 469 1849 523 excelluisse,
1884 469 2017 512 cuius
2048 468 2118 512 rei
2150 469 2215 512 di-

231 540 521 601 'ortissimum
553 538 875 584 testimonium
905 540 980 582 est
1010 537 1156 582 Plinii
1184 538 1314 582 locus
1348 537 1438 582 iam
1473 549 1615 593 supra
1645 538 1884 583 laudatus.
1914 539 2042 596 „Erit
2061 551 2217 583 rarum

147 624 158 652 z
192 607 262 657 -et
291 610 491 668 insigne,
509 610 624 656 duos
657 609 869 655 homines
887 610 1041 654 aetate
1061 609 1392 665 propemodum
1412 609 1646 665 aequales,
1667 622 1759 653 non
1781 610 1984 654 nullius
1974 623 2022 653 ιιι
2043 610 2217 654 litteris

204 679 409 729 nominis
441 707 498 714 —
531 694 670 737 cogor
701 681 826 726 enim
875 681 931 725 de
972 683 1020 724 te
1052 692 1236 737 quoque
1282 680 1469 737 parcius
1512 681 1678 737 dicere,
1729 683 1841 738 quia
1872 682 1927 726 de
1969 695 2042 727 me
2074 682 2215 728 simul

168 773 171 775 “
204 755 308 801 dico
338 780 398 816 ⁶——
430 754 628 800 alterum
661 752 854 798 alterius
887 752 1045 797 studia
1076 753 1265 798 fovisse.
1298 752 1523 809 Equidem
1555 753 1946 810 adulescentulus,
1986 767 2090 799 cum
2121 755 2217 799 iam

168 829 171 831 ’
204 830 257 871 ιιι
287 827 413 871 fama
443 826 684 882 gloriaque
717 825 917 879 floreres,
950 829 997 867 te
1030 824 1178 879 sequi,
1210 824 1300 867 tibi
1333 827 1470 878 longo
1503 825 1584 867 sed
1622 826 1860 880 proximus
1892 826 2137 870 intervallo
2170 829 2217 869 et

204 910 309 944 esse
341 902 388 943 et
419 898 578 942 haberi
611 897 1008 952 concupiscebam.
1053 896 1112 940 Et
1143 899 1276 940 erant
1309 896 1456 940 multa
1486 896 1748 940 clarissima
1792 897 2001 953 ingenia;
2051 897 2131 942 sed
2166 900 2216 942 tu

203 969 320 1015 milii
359 994 415 1001 —
456 970 524 1014 ita
566 967 825 1013 similitudo
870 970 1063 1012 naturae
1094 966 1273 1011 ferebat
1307 991 1362 998 —
1395 967 1594 1011 maxime
1638 968 1893 1013 imitandus
1937 968 2213 1013 videbaris.“

135 1078 136 1081 η
205 1042 306 1096 Quo
338 1056 394 1086 ex
426 1043 524 1086 loco
557 1042 782 1084 nimirum
807 1043 1001 1097 apparet
1033 1040 1246 1084 Tacitum
1277 1034 1372 1083 iam
1404 1042 1558 1083 aetate
1579 1040 1826 1084 admodum
1858 1041 2055 1085 iuvenili
2085 1041 2212 1085 fama

197 1114 443 1170 gloriaque
487 1112 780 1169 eloquentiae
824 1112 1036 1156 floruisse
1079 1116 1127 1155 et
1171 1110 1358 1167 quidem
1402 1111 1518 1166 eius,
1564 1124 1655 1167 qua
1686 1112 1888 1156 recentis
1929 1111 2105 1156 saeculi
2138 1112 2213 1156 sui

114 1180 117 1184 ’
188 1185 375 1233 studiis
408 1197 500 1230 non
532 1183 758 1240 neglectis
789 1182 1052 1231 laetissima
1083 1194 1294 1240 quaeque
1325 1182 1623 1239 antiquorum
1656 1185 1891 1228 oratorum
1923 1183 2100 1228 imitari
2121 1186 2217 1228 stu-

37 1296 73 1319 f
202 1259 344 1302 deret.
379 1257 504 1301 Adde
536 1258 639 1311 huc,
672 1255 793 1311 quod
823 1256 915 1299 alio
948 1257 1082 1309 loco²)
1115 1255 1238 1299 idem
1270 1255 1451 1299 Plinius
1485 1255 1695 1299 Tacitum
1728 1256 1802 1299 his
1836 1256 1990 1301 verbis
2023 1257 2213 1312 alloqui-

8 1323 112 1381 Ξέῐὶζ,
203 1332 306 1375 tur:
339 1328 498 1385 Neque
542 1332 595 1371 ut
637 1326 860 1382 magistro
907 1326 1145 1382 magister,
1193 1338 1341 1382 neque
1386 1330 1436 1370 ut
1483 1326 1711 1383 discipulo
1759 1327 2017 1383 discipulus
2052 1353 2107 1359 —
2145 1328 2215 1373 sic

0 1394 66 1437 ‘'⁴3-
203 1401 326 1446 enim
367 1400 536 1445 scribis
578 1424 634 1429 —
677 1399 758 1442 sed
802 1402 854 1441 ut
893 1398 1121 1453 discipulo
1164 1400 1389 1453 magister
1430 1423 1487 1428 —
1529 1411 1636 1442 nam
1681 1401 1733 1442 tu
1771 1399 1996 1455 magister
2032 1424 2091 1431 -—-
2132 1412 2217 1456 ego

202 1475 380 1526 contra;
424 1474 562 1526 atque
604 1470 707 1513 ideo
748 1472 801 1513 tu
843 1470 890 1512 in
932 1470 1138 1514 scholam
1178 1481 1386 1524 revocas,
1423 1482 1508 1525 ego
1552 1470 1700 1514 adhuc
1751 1470 2021 1515 Saturnalia
2061 1474 2217 1531 exte-n-

202 1542 260 1590 do
299 1569 354 1575 —
393 1542 561 1588 librum
594 1539 811 1586 misisti.“
877 1539 1039 1585 Nonne
1079 1551 1135 1585 ex
1166 1540 1251 1585 hoc
1283 1551 1463 1597 quoque
1494 1540 1593 1586 loco
1629 1551 1836 1587 summos
1875 1541 2004 1587 illius
2044 1542 2216 1588 aetatis

202 1617 327 1661 viros
369 1615 626 1659 studiorum
672 1614 851 1656 ratione
914 1613 1036 1655 inter
1083 1624 1134 1656 se
1181 1613 1451 1656 coniunctos
1494 1613 1643 1657 fuisse
1687 1614 1890 1670 perspici
1933 1617 2122 1670 potest?
2158 1639 2216 1646 —

202 1684 336 1749 Quod
369 1690 524 1731 autem
555 1684 735 1729 Plinius
768 1684 825 1728 ad
845 1682 1098 1728 Maximum
1119 1682 1398 1729 familiarem
1418 1683 1600 1729 scribit:
1619 1683 1650 1739 3)
1688 1685 1963 1742 „Nunquam
1995 1686 2218 1731 maiorem

203 1760 303 1816 cepi
337 1759 624 1813 voluptatem
656 1768 796 1812 quam
829 1767 975 1819 nuper
995 1767 1062 1815 >ex
1093 1767 1305 1799 sermone
1326 1754 1527 1798 Cornelii
1562 1756 1725 1799 Taciti.
1771 1757 2000 1800 Narrabat
2037 1758 2217 1801 sedisse

200 1843 360 1874 secum
393 1828 687 1873 Circensibus
733 1828 956 1882 proximis
998 1826 1204 1882 equitem
1236 1827 1508 1871 Romanuin.
1554 1827 1687 1872 Hunc
1730 1831 1837 1884 post
1881 1829 2036 1873 varios
2069 1829 2217 1873 erudi-

202 1904 368 1959 tosque
400 1911 637 1945 sermones
669 1898 947 1955 requisisse:
991 1897 1199 1954 ,Italicus
1232 1909 1282 1941 es
1315 1910 1375 1942 an
1406 1897 1760 1954 provincialis?‘
1806 1911 1857 1943 se
1891 1900 2215 1956 respondisse:

202 1974 353 2030 ,Nosti
387 1985 458 2016 me
491 1976 537 2016 et
570 1965 760 2028 quidem
790 1983 846 2014 ex
886 1970 1086 2014 studiis.‘
1150 1970 1221 2013 Ad
1252 1972 1337 2014 hoc
1371 1970 1524 2013 illum:
1558 1970 1762 2026 ,Tacitus
1801 1985 1851 2016 es
1894 1985 1954 2016 an
1985 1973 2214 2017 Plinius‘?‘

203 2046 471 2103 Exprimere
515 2057 607 2090 non
649 2055 855 2101 possum,
901 2054 1041 2099 quam
1084 2042 1149 2086 sit
1196 2042 1449 2087 iucundum
1494 2042 1624 2099 mihi,
1670 2043 1792 2100 quod
1836 2044 2026 2089 nomina
2058 2047 2218 2090 nostra

202 2118 337 2176 quasi
372 2118 631 2162 litterarum
662 2115 861 2172 propria,
881 2126 973 2159 non
994 2115 1246 2171 hominum,
1267 2115 1440 2159 litteris
1461 2115 1733 2172 redduntur;
1756 2117 1878 2173 quod
1911 2123 2106 2173 uterque
2139 2130 2217 2162 no-

204 2194 353 2236 strum
385 2190 459 2233 his
491 2189 634 2233 etiam
666 2200 722 2232 ex
753 2187 925 2231 studiis
957 2190 1110 2243 notus,
1144 2188 1314 2243 quibus
1357 2188 1493 2232 aliter
1526 2189 1714 2244 ignotus
1748 2189 1865 2245 est“,
1898 2189 2059 2233 eodem
2091 2201 2218 2245 spec-

203 2267 303 2309 tare
336 2262 519 2307 videtur
550 2271 859 2315 magnamque
892 2260 941 2302 in
962 2259 1228 2315 eloquentia
1260 2260 1466 2315 paranda
1486 2260 1775 2304 concordiam
1799 2261 2041 2316 utriusque
2075 2261 2218 2317 scrip-

203 2334 320 2380 toris
351 2332 498 2378 fuisse
529 2331 676 2376 docet.
697 2330 795 2375 Huc
827 2329 1118 2376 referendum
1151 2332 1237 2386 est,
1270 2330 1391 2424 quod
1424 2331 1638 2376 Taciteae
1660 2332 1857 2377 orationi
1878 2332 2033 2377 inesse
2061 2335 2219 2377 censet

205 2408 385 2452 Plinius
417 2416 453 2450 τὸ
481 2415 604 2462 σεμνόν.
617 2405 648 2456 ⁴)

347 2476 477 2531 Quae
509 2488 612 2521 cum
644 2474 711 2519 ita
743 2474 853 2530 sint,
886 2475 971 2518 hoc
1004 2486 1085 2530 pro
1117 2476 1244 2519 certo
1276 2475 1471 2531 proponi
1500 2477 1677 2532 potest:
1705 2476 1915 2521 instituti
1948 2478 2058 2521 sunt
2091 2476 2218 2521 Taci—

201 2543 283 2597 tus
316 2553 363 2596 et
393 2549 573 2594 Plinius
605 2547 662 2592 ad
693 2558 788 2591 rem
821 2546 1055 2602 publicam
1086 2547 1418 2602 capessendam
1450 2548 1507 2592 ab
1541 2547 1700 2592 eodem
1733 2551 2043 2605 praeceptore,
2065 2562 2219 2594 aemu-

205 2625 388 2669 labatur
418 2620 598 2666 Plinius
619 2620 667 2663 in
687 2618 878 2662 dicendo
912 2618 1148 2674 aequalem
1182 2630 1319 2675 suustm
1352 2620 1465 2662 natu
1497 2621 1734 2675 maiorem,
1761 2620 2082 2666 familiaritate
2115 2634 2219 2666 con-

205 2695 353 2742 iuncti
386 2694 635 2738 manebant
666 2704 748 2747 per
778 2692 925 2735 totam
958 2690 1119 2745 vitam,
1162 2689 1257 2734 iam
1290 2703 1397 2736 vero
1431 2692 1627 2735 alterum
1661 2692 1854 2736 alterius
1899 2694 2059 2738 studia
2091 2694 2218 2741 adiu-

205 2769 333 2815 visse
365 2779 422 2812 ex
452 2763 766 2822 compluribus
797 2762 911 2807 locis
944 2752 1254 2819 epistularum
1286 2761 1604 2807 Plinianarum
1637 2764 1848 2808 concludi
1883 2769 2053 2821 potest.

350 2839 512 2894 Itaque
544 2849 600 2880 ex
629 2835 690 2878 iis
722 2836 873 2889 rebus,
891 2839 1009 2890 quae
1040 2834 1189 2877 adhuc
1220 2834 1276 2877 de
1308 2834 1457 2878 Taciti
1474 2835 1646 2878 studiis
1668 2837 1913 2880 rhetoricis
1946 2838 2001 2882 de
2022 2839 2218 2895 eiusque

205 2920 310 2965 cum
342 2910 494 2957 Plinio
525 2906 846 2962 familiaritate
878 2909 925 2951 et
956 2906 1215 2951 studiorum
1241 2905 1549 2951 similitudine
1570 2907 1619 2951 in
1640 2907 1843 2952 medium
1864 2911 2072 2966 prolatae
2094 2915 2218 2969 sunt,

193 2981 400 3044 ¹apparet
432 2984 679 3038 utrumque
712 2977 1002 3033 Quintiliano
1034 2980 1210 3024 rectore
1242 2979 1496 3035 perfectam
1529 2979 1621 3025 sibi
1653 2993 1951 3039 comparasse
1983 2983 2101 3030 artis
2122 2985 2222 3030 rhe-

8 1297 36 1326 5‘

6 1330 13 1340 ι

0 1377 32 1401 ''4⁴-

3 1468 37 1478 ‘2

0 1503 32 1526 »fi

0 1537 24 1572 vs?

0 1627 11 1641 Ι.

22 1658 24 1661 s
37 1657 42 1665 ι

5 1733 11 1742 ,
32 1731 36 1738 1

0 1814 2 1821 ,

0 1894 28 1926 12„

5 1926 11 1938 (
34 1937 36 1939 ,

0 1946 20 1982 ἷζι

0 1991 29 2023 {¹:3¹

0 2023 34 2048 ζ’,
52 2023 55 2027 .

0 2146 39 2200 Ξῖ,

0 2203 20 2217 ι..
30 2215 35 2218 .
54 2206 57 2212 ,

0 2225 41 2251 *fis*

0 2255 37 2288 :⁸3ss

0 2288 49 2307 s„

0 2327 10 2346 ἴ
37 2343 41 2350 1

0 2358 11 2376 ’ᾗ

355 3117 379 3162 ¹)
405 3116 561 3158 Walter,
588 3114 634 3151 de
659 3103 747 3152 Tac.
774 3114 871 3151 stud.
899 3114 991 3151 rhet.
1018 3126 1080 3162 pg.
1106 3117 1139 3152 9.

353 3178 379 3222 2)
405 3177 502 3213 Plin.
528 3177 635 3223 epist.
661 3176 753 3220 VII,
781 3178 813 3212 7.

352 3237 379 3280 3)
405 3236 495 3272 ibid.
522 3236 591 3279 ix,
618 3237 675 3271 23.

351 3297 380 3343 ⁴)
406 3296 495 3335 ibid.
522 3297 574 3342 11,
603 3297 656 3334 11.
