2461 3472
11 456 56 491 'fla

0 497 37 564 ,ἔκ
60 496 67 566 J

0 566 40 628 ἷέ

0 625 43 687 Ξ

1 690 23 707 'fi

279 267 337 325 II,
370 269 441 324 37,
475 270 548 324 38,
581 266 739 324 dialog
773 269 847 324 163
881 265 1088 322 Quintus
1108 266 1343 313 Haterius:
1377 266 1529 315 annal.
1551 266 1586 324 Ι,
1621 269 1691 324 13,
1723 267 1780 325 II,
1812 270 1885 326 33,
1917 267 1995 326 111,
2026 270 2100 327 57,

280 341 382 399 alii3
415 342 506 387 huc
538 340 668 398 adde,
702 352 817 398 quos
850 340 946 386 iam
978 352 1120 399 supra
1151 339 1629 386 commemoravimus.
2291 399 2293 401 q

423 413 521 459 Hos
553 413 701 470 igitur
747 414 962 457 auctores
994 412 1185 456 Tacitus
1235 411 1411 456 iudicio
1452 424 1634 457 summo
1678 412 1727 456 in
1769 425 1906 458 suum
1939 425 2075 458 usum
2116 420 2303 474 conver-

277 485 396 531 tisse
428 486 627 541 videtur,
660 485 729 530 ita
761 478 813 529 ut
846 484 964 529 alios
997 483 1172 529 nullius
1205 485 1397 529 haberet
1429 482 1583 540 pretii,
1616 483 1736 530 alios
1767 484 1959 530 maximi
1990 484 2178 535 faceret.
2206 484 2300 541 Sic,

277 570 397 616 quae
429 558 479 604 in
511 556 752 604 historicis
772 556 973 602 laterent
994 556 1125 614 vitia,
1159 555 1319 602 sedulo
1353 555 1624 601 attendebat
1655 558 1704 601 et
1735 558 1862 602 omni
1894 557 2043 613 modo,
2076 548 2302 616 quidquid

275 643 325 675 re
356 643 468 676 vera
499 630 677 674 factum
709 631 850 684 esset,
872 629 1192 684 investigabat
1224 641 1363 685 quam
1396 629 1772 685 diligentissime.
1794 630 1955 686 Neque
1982 633 2165 675 tantum
2185 632 2300 677 editi

273 702 383 747 libri
417 702 460 747 ei
503 701 746 747 suffecisse
779 701 1071 757 videbantur,
1114 701 1196 747 sed
1228 714 1284 747 ex
1315 700 1534 758 epistulis
1576 700 1718 747 etiam
1752 703 1800 747 et
1831 701 1952 748 actis
1991 702 2207 760 publicis
2247 706 2300 750 ut

274 774 369 818 iam
402 786 545 830 supra
577 773 1057 829 commemoravimus,
1100 776 1332 830 quatenus
1387 786 1545 818 eorum
1595 786 1783 831 compos
1822 775 1922 819 fieri
1954 777 2148 831 poterat,
2182 789 2299 822 sem-

273 858 356 902 per
388 858 550 891 verum
582 845 824 902 exquirere
857 845 1110 890 nitebatur.
1159 844 1261 899 Quo
1294 848 1451 890 autem
1484 845 1651 889 melius
1684 858 1758 890 res
1791 849 2089 902 cognosceret
2120 860 2300 893 verum-

274 930 363 974 que
396 917 644 971 inveniret‚
688 917 815 961 adire
849 917 1029 961 solebat
1061 917 1272 961 homines
1311 919 1423 961 natu
1469 917 1682 972 maiores,
1722 917 1801 973 qui
1834 916 1927 974 ipsi
1969 920 2108 963 rebus
2148 921 2299 976 gestis

272 989 598 1044 interfuerant,
643 991 691 1035 et
722 990 808 1036 hoc
853 989 987 1035 modo
1033 988 1359 1047 interrogando
1399 987 1636 1046 complura
1679 988 1959 1046 accipiebat;
2005 990 2086 1035 sed
2129 990 2179 1035 in
2223 992 2298 1037 his

273 1075 457 1120 quoque
507 1063 646 1107 rebus
701 1062 875 1106 iudicio
935 1073 1019 1106 suo
1059 1062 1310 1117 nitebatur,
1358 1063 1409 1105 ut
1453 1073 1544 1106 non
1586 1061 1757 1119 omnia,
1797 1074 1915 1118 quae
1964 1063 2188 1120 audierat,
2230 1065 2300 1109 ita

272 1135 400 1180 facta
433 1148 537 1179 esse
570 1135 887 1189 arbitraretur,
921 1134 1003 1178 sed
1035 1133 1295 1190 exploraret
1329 1137 1480 1189 antea,
1514 1136 1733 1179 essentne
1766 1134 1855 1179 fide
1887 1134 2032 1191 digni.

415 1208 513 1252 Iam
546 1220 654 1253 vero
688 1207 937 1262 agentibus
970 1205 1104 1250 nobis
1137 1205 1194 1250 de
1225 1205 1421 1261 ratione,
1455 1218 1595 1262 quam
1627 1205 1817 1251 Tacitus
1850 1206 1899 1251 in
1933 1206 2137 1253 colendis
2176 1208 2299 1255 litte-

268 1292 426 1323 rarum
460 1279 632 1323 studiis
665 1280 855 1323 secutus
888 1278 966 1335 sit,
988 1277 1034 1321 id
1066 1278 1269 1334 primum
1294 1278 1547 1322 tenendum
1579 1280 1653 1322 est
1685 1291 1790 1322 eum
1817 1290 1845 1323 a
1870 1279 2021 1335 prima
2052 1280 2297 1326 iuventute

271 1350 567 1408 eloquentiae
609 1350 764 1396 studio
797 1361 1028 1394 summam
1070 1361 1272 1395 navasse
1304 1360 1493 1406 operam
1534 1349 1988 1407 diligentissimeque
2023 1351 2125 1396 sine
2157 1352 2297 1398 dubio

271 1422 428 1467 omnia
460 1426 705 1478 tractasse,
740 1433 859 1478 quae
892 1421 984 1465 sibi
1019 1422 1067 1464 in
1098 1421 1196 1465 foro
1230 1424 1278 1465 et
1310 1434 1358 1464 re
1380 1421 1567 1477 publica
1601 1424 1840 1466 versaturo
1872 1421 2105 1478 praesidio
2148 1426 2195 1468 et
2227 1438 2295 1469 or-

267 1497 489 1539 namento
523 1497 695 1539 essent.
724 1495 877 1549 Atque
910 1493 1224 1549 eloquentiam
1259 1492 1404 1537 variis
1436 1492 1602 1536 deinde
1636 1493 1791 1537 causis
1825 1493 2034 1539 dicendis
2067 1496 2136 1539 ita
2167 1508 2297 1541 exco-

265 1567 368 1623 luit,
412 1569 464 1611 ut
498 1568 554 1612 ab
596 1565 871 1623 aequalibus
913 1568 1067 1610 orator
1108 1564 1522 1621 eloquentissimus
1564 1565 1797 1609 salutatus
1838 1566 1953 1622 sit,‘¹)
1992 1567 2041 1610 id
2086 1570 2207 1624 quod
2239 1569 2295 1612 de

264 1641 451 1684 matura
492 1651 675 1695 quoque
717 1638 819 1682 eius
862 1639 1017 1681 aetate
1050 1639 1097 1680 et
1138 1637 1220 1681 alii
1253 1637 1417 1680 testati
1450 1639 1562 1680 sunt
1603 1641 1651 1680 et
1692 1637 1794 1693 ipse
1836 1638 1885 1682 in
1929 1639 2145 1683 omnibus
2194 1640 2295 1684 suis

265 1711 458 1768 scriptis
492 1711 612 1756 satis
644 1709 887 1755 indicavit.
953 1708 1033 1753 Sic
1066 1721 1173 1753 eum
1205 1710 1303 1753 tam
1336 1708 1508 1752 illustri
1551 1708 1760 1753 oratione
1791 1708 1975 1755 funebri
2020 1710 2293 1768 Verginium

264 1783 438 1826 Rufum
477 1783 720 1827 ornavisse
762 1782 909 1825 tradit
954 1781 1150 1835 Plinius,
1198 1783 1249 1823 ut
1292 1781 1371 1824 ille
1417 1782 1540 1824 hunc
1588 1782 1714 1825 velut
1760 1794 2028 1838 supremum
2072 1783 2292 1828 felicitati

265 1855 480 1910 Verginii
523 1854 761 1898 cumulum
794 1852 1053 1897 accessisse
1086 1852 1327 1907 iudicaret,
1371 1851 1493 1908 quod
1525 1851 1812 1897 laudatorem
1845 1856 2010 1899 nactus
2044 1856 2170 1899 esset
2203 1855 2294 1900 elo-

266 1925 650 1983 quentissimum3
694 1923 763 1969 sic
804 1923 996 1967 ineunte
1029 1934 1151 1967 anno
1197 1925 1282 1966 100
1314 1922 1510 1966 eundem
1543 1923 1592 1965 in
1636 1924 1934 1967 celeberrima
1965 1925 2102 1969 Marii
2143 1927 2292 1970 Prisci

265 2009 408 2041 causa
441 1996 602 2042 Salvio
629 1995 847 2051 Liberali,
875 1995 975 2039 viro
1008 1995 1186 2050 subtili,
1221 1995 1330 2049 acri,
1363 1995 1552 2049 diserto,
1585 1994 1968 2050 eloquentissime
2002 2001 2062 2053 et,
2096 1999 2217 2053 quod
2250 2012 2293 2042 e·

264 2071 460 2113 ximium
494 2069 693 2114 orationi
714 2069 816 2113 eius
850 2068 988 2121 inest,
1024 2079 1149 2124 σεμνῶς
1181 2066 1478 2123 respondisse
1511 2066 1632 2111 idem
1664 2066 1845 2113 Plinius
1878 2072 1950 2114 est
1970 2071 2123 2115 testis.
2157 2070 2291 2116 Anno

265 2144 423 2187 autem
459 2143 558 2198 101,
591 2143 643 2186 ut
677 2139 873 2196 videtur,
906 2138 1088 2183 Plinius
1121 2150 1228 2183 eum
1260 2139 1457 2195 rogavit,
1492 2140 1543 2182 ut
1575 2150 1631 2182 ex
1663 2151 1821 2183 eorum
1854 2141 2001 2197 copia,
2035 2142 2115 2198 qui
2148 2143 2291 2186 admi-

263 2215 444 2258 ratione
478 2213 657 2269 ingenii
690 2212 878 2256 adducti
918 2212 977 2254 ad
1009 2224 1059 2254 se
1095 2212 1252 2255 venire
1295 2212 1510 2265 solerent,
1555 2211 1933 2267 circumspiceret
1965 2217 2291 2270 praeceptores

264 2288 559 2342 eloquentiae
591 2287 797 2341 idoneos,
822 2297 1018 2341 quorum
1052 2296 1194 2328 unum
1227 2282 1413 2329 volebat
1447 2295 1473 2328 a
1505 2281 1812 2329 Comensibus
1846 2283 2092 2342 conduci.²)
2115 2286 2291 2343 Quibus

263 2360 403 2404 rebus
446 2357 672 2416 quidquid
706 2356 1002 2402 auctoritatis
1041 2357 1089 2400 et
1129 2355 1282 2400 laudis
1321 2355 1511 2400 Tacitus
1545 2356 1636 2399 sibi
1669 2358 1919 2412 paraverit,
1961 2359 2008 2401 id
2049 2361 2201 2402 totum
2233 2361 2291 2404 ad

263 2432 447 2475 dicendi
498 2432 773 2475 facultatem
823 2429 1123 2485 potissimum
1166 2430 1398 2484 pertinere
1450 2441 1584 2472 nemo
1631 2430 1835 2485 negabit,
1887 2431 2007 2486 quod
2051 2437 2292 2488 praeterea

264 2506 591 2560 comprobatur
641 2515 853 2548 sermone
896 2501 990 2557 illo,
1034 2514 1170 2558 quem
1209 2500 1391 2546 Plinius
1443 2512 1627 2546 summa
1669 2513 1771 2547 cum
1815 2501 2055 2560 voluptate
2097 2504 2288 2563 refert.³)

262 2576 485 2622 Eiusdem
518 2576 587 2622 roi
620 2574 937 2620 disertissima
968 2573 1240 2618 testimonia
1272 2575 1498 2630 praebent
1530 2574 1678 2618 Taciti
1714 2575 2043 2620 historicorum
2068 2577 2288 2624 librorum

262 2649 367 2705 loci,
402 2649 587 2706 quibus,
628 2648 708 2692 ubi
741 2647 925 2693 occasio
958 2646 1061 2701 fert,
1100 2658 1234 2689 suum
1269 2647 1324 2689 de
1357 2646 1559 2701 singulis
1592 2646 1852 2691 oratoribus
1883 2648 2109 2694 iudicium
2141 2651 2287 2697 affert.

264 2722 344 2765 Sic
377 2722 432 2764 de
467 2721 637 2765 Cassio
665 2721 857 2766 Severo:
912 2719 1156 2776 „Relatum
1189 2720 1237 2762 et
1269 2718 1325 2763 de
1357 2716 1521 2763 Cassio
1555 2717 1726 2764 Severo
1760 2720 1931 2778 exsule,
1965 2723 2044 2779 qui
2078 2724 2290 2770 sordidae

264 2795 475 2851 originis,
519 2794 757 2838 maleficae
791 2792 931 2848 vitae,
971 2791 1052 2836 sed
1085 2790 1245 2835 orandi
1282 2790 1463 2836 validus
1502 2803 1585 2847 per
1617 2791 1889 2837 immodicas
1928 2795 2219 2853 inimicitias,
2239 2799 2290 2840 ut

264 2866 436 2911 iudicio
470 2866 612 2911 iurati
645 2868 837 2910 senatus
872 2864 1056 2910 Cretam
1090 2865 1397 2918 amoveretur,
1417 2863 1684 2917 effecerat.⁴)
1720 2866 1785 2908 Dc
1819 2868 1868 2919 Q.
1891 2866 2102 2911 Haterio:
2131 2869 2290 2925 „fami-

263 2939 327 2982 lia
360 2939 608 2993 senatoria,
642 2939 950 2993 eloquentiae,
985 2937 1136 2991 quoad
1165 2937 1295 2990 vixit,
1330 2936 1608 2992 celebratam
1643 2943 1943 2984 monumenta
1975 2942 2155 2997 ingenii
2187 2941 2289 2985 eius

411 3071 437 3114 ¹)
467 3071 562 3106 Plin.
590 3072 697 3117 epist.
724 3073 775 3115 ΙΙ,
804 3074 821 3107 1
849 3078 886 3108 et
915 3076 970 3111 11.

411 3131 437 3174 ²)
465 3131 513 3167 id.
542 3131 611 3174 IV,
641 3132 696 3176 13,
725 3134 779 3169 11.

410 3191 437 3232 ³³)
464 3191 512 3225 id.
540 3192 607 3232 IX,
635 3195 692 3235 23,
719 3195 752 3228 2.

410 3251 438 3296 ⁴)
464 3251 606 3287 Annal.
631 3252 699 3295 IV,
726 3254 783 3290 21.
