2461 3472
358 535 407 579 et
437 535 592 591 lilius,-
601 538 741 592 pater
767 536 967 581 multum
997 547 1165 592 operae
1197 537 1422 591 navabat3
1447 534 1490 579 is
1522 535 1647 579 enim
1680 535 1730 579 in
1762 535 1914 580 forum
1944 549 2052 581 eum
2082 538 2221 582 dedu-

321 679 377 727 ut
406 678 458 722 in
488 681 647 723 urbem
676 683 728 724 ‘et
757 681 808 724 in
839 679 1105 737 provincias
1136 680 1304 724 ductus
1336 690 1424 734 res,
1459 690 1577 735 quae
1609 678 1667 722 ad
1690 691 1786 722 rem
1807 679 2041 735 publicam
2073 680 2218 725 admi·

239 744 494 800 fstrandam
510 740 826 809 pertinerent,
858 754 1173 808 cognosceret.
1208 750 1300 795 Sed
1332 751 1561 794 incertum
1593 752 1680 806 est,
1713 763 1823 794 num
1850 750 2040 796 Tacitus
2072 752 2220 797 simili

251 820 385 882 ‘tione
415 833 519 866 eam
561 813 687 868 riam
717 824 959 879 ingressus
991 823 1069 879 sit,
1115 827 1181 879 ut,
1226 823 1347 879 quod
1393 827 1647 878 appeteret,
1690 826 2029 880 assequeretur,
2062 837 2220 880 quam-

235 897 342 949 nam
373 896 423 941 in
454 898 689 943 nonnullis
719 897 989 955 provinciiS,
1021 909 1141 955 quae
1156 896 1353 953 imperio
1374 895 1580 955 Romano
1602 896 1804 940 nondum
1823 896 1961 952 plane
1981 897 2219 942 subiectae

201 971 388 1026 essent,
418 981 526 1017 eum
557 975 888 1018 commoratum
931 982 1034 1017 esse
1082 968 1337 1017 verisimile
1370 968 1569 1025 videtur,
1602 968 1819 1026 inprimis
1863 969 1913 1014 in
1956 968 2217 1015 Britannia.

201 1035 336 1101 Elias
366 1041 681 1100 institutionis
712 1055 801 1101 res,
834 1055 950 1100 quas
983 1046 1115 1099 pater
1145 1040 1352 1086 familias
1385 1041 1584 1084 maxime
1617 1043 1873 1096 spectabat,
1891 1047 2026 1085 erant
2058 1045 2217 1097 partes

233 1112 428 1169 uaedam
447 1114 672 1160 historiae
694 1117 875 1173 patriae
908 1119 1048 1172 atque
1079 1113 1336 1171 religionis,
1370 1113 1568 1158 Adultos
1601 1113 1695 1157 iam
1727 1112 1785 1156 ad
1817 1113 1997 1169 ingenii
2028 1115 2219 1159 maturi-

249 1176 347 1228 vtem
378 1185 501 1230 filios
532 1186 734 1243 primum
766 1188 994 1243 originem
1025 1189 1073 1229 et
1103 1191 1278 1229 sortem
1309 1186 1474 1241 stirpis
1501 1186 1741 1239 docebant,
1774 1186 1955 1239 deinde,
1989 1187 2218 1241 quomodo

227 1254 462 1302 xstitisset
493 1268 541 1302 et
573 1260 799 1304 crevisset
841 1272 916 1303 res
948 1259 1147 1315 publica,
1199 1261 1446 1314 postremo,
1494 1257 1605 1313 quid
1653 1257 1992 1312 praescriberet
2036 1258 2216 1314 religio.

245 1327 392 1375 obiles
423 1329 550 1376 enim
580 1330 892 1378 Romanorum
923 1331 999 1389 iis,
1031 1329 1112 1389 qui
1143 1329 1351 1376 eiusdem
1383 1335 1516 1375 erant
1547 1329 1726 1387 stirpis„
1759 1328 2044 1374 familiarum
2079 1329 2218 1387 origi·

234 1409 308 1447 em
339 1403 689 1460 subtexuerunt,
722 1404 844 1447 unde
874 1404 1000 1447 facta
1030 1404 1259 1446 maiorum
1290 1405 1338 1445 et
1369 1403 1522 1445 suboli
1552 1402 1811 1444 hereditate
1839 1402 2004 1445 relicta
2035 1403 2139 1446 iura
2169 1405 2218 1446 et

193 1471 358 1524 ..officia
389 1482 732 1530 cognoscerent.
779 1475 1040 1531 Religionis
1085 1478 1241 1520 autem
1285 1476 1547 1530 praecepta,
1580 1473 1690 1529 quia
1721 1473 1871 1517 multa
1902 1473 2041 1518 simul
2074 1474 2219 1520 conti—

180 1542 442 1604 nebantur,
489 1558 593 1594 raro
637 1547 731 1606 ipsi
773 1549 1032 1605 tradebant,
1082 1546 1164 1592 sed
1213 1546 1483 1605 plerumque
1530 1545 1658 1591 viros
1706 1545 1884 1603 peritos
1932 1546 2214 1593 acciverunt.

162 1661 179 1671 ,,
199 1619 354 1675 Atque
386 1619 598 1663 Tacitum
629 1620 878 1676 diligenter
897 1620 1168 1663 institutum
1194 1619 1342 1662 fuisse
1374 1623 1421 1662 et
1453 1620 1701 1662 vernacula
1733 1621 1780 1661 et
1812 1621 1971 1662 extera
1989 1619 2215 1674 religione

168 1689 258 1751 Jex
300 1702 357 1734 ea
386 1703 435 1734 re
479 1691 637 1747 colligi
667 1691 792 1747 licet,
825 1691 946 1746 quod
978 1704 1082 1735 cum
1114 1691 1312 1734 multum
1345 1694 1520 1735 valeret
1552 1690 1610 1733 ad
1637 1690 1869 1745 privatam
1902 1692 1950 1734 et
1981 1691 2215 1746 publicam

153 1790 157 1793 ,
198 1754 349 1807 vitam
380 1774 531 1819 neque
569 1765 725 1808 minus
765 1763 991 1808 historiae
1017 1762 1288 1807 scribendae
1339 1773 1507 1806 munus
1540 1762 1642 1805 eius
1693 1761 1910 1806 notitiam
1942 1764 2214 1818 postularet,

158 1847 162 1858 2
197 1833 317 1879 miro
349 1836 547 1891 quodam
580 1836 734 1880 studio
766 1847 870 1879 eam
888 1836 937 1878 in
957 1835 1147 1892 scriptis
1180 1834 1280 1878 suis
1300 1837 1548 1877 tractatam
1571 1834 1794 1877 videmus.
1828 1834 1982 1886 Quare
2003 1835 2215 1878 Tacitum

158 1919 177 1962 ᾗ
200 1917 230 1949 a
260 1906 421 1950 Nicete
454 1907 724 1963 Smyrnaeo,
756 1908 899 1951 Plinii
923 1908 1116 1952 minoris
1148 1907 1388 1962 magistro,
1422 1906 1646 1961 religione
1668 1906 1941 1949 institutum
1961 1919 2066 1951 esse
2101 1908 2216 1952 veri-

162 1977 492 2035 simillimum
524 1985 610 2023 est.
625 1980 658 2036 ²)
691 1980 736 2024 Is
757 1980 884 2023 enim
914 1983 963 2023 et
993 1979 1316 2035 philosophiae
1336 1988 1384 2022 et
1405 1979 1660 2022 rhetoricae
1693 1977 1969 2034 disciplinae
1987 1980 2216 2035 magister

159 2048 291 2097 :fuit
321 2051 369 2094 et
401 2056 457 2095 ab
490 2053 686 2108 utroque
718 2051 989 2108 cognomine
1033 2050 1259 2096 Sacerdos
1304 2051 1640 2107 appellabatur,
1686 2061 1791 2093 cum
1824 2062 1916 2095 non
1953 2062 2111 2095 rerum
2143 2063 2215 2096 sa·

190 2121 381 2176 serarum
413 2122 564 2167 solum
595 2123 927 2180 peritissimuS‚
971 2122 1054 2168 sed
1084 2122 1326 2180 religionis
1371 2123 1515 2167 etiam
1561 2121 1773 2178 gentium
1817 2122 1874 2166 ad
1907 2124 2133 2168 orientem
2167 2127 2215 2169 et

160 2195 486 2250 occidentem
518 2197 831 2252 spectantium
863 2195 1240 2240 studiosissimus
1271 2196 1419 2240 fuisse
1452 2196 1700 2239 videretur.

153 2321 161 2337 s
343 2280 530 2338 Itaque,
551 2281 898 2338 quantum-fieri
928 2281 1097 2339 potuit,
1122 2280 1514 2327 verisimillimam
1535 2279 1750 2325 Taciteae
1767 2279 2084 2326 institutionis
2101 2280 2214 2327 ima-

156 2355 357 2417 'jssginem
388 2356 689 2399 adumbrasse
720 2355 836 2399 mihi
868 2355 1059 2410 conlido,
1091 2366 1232 2411 quam
1263 2355 1370 2398 inde
1404 2358 1591 2398 uberius
1624 2355 1823 2397 tractare
1856 2354 1979 2397 haud
2011 2354 2212 2410 pigebit.

344 2436 637 2495 Quamquam
669 2440 794 2484 enim
825 2441 943 2485 nihil
985 2441 1082 2485 fere
1114 2441 1171 2485 de
1202 2442 1304 2498 eius
1337 2440 1540 2497 pueritia
1579 2437 1802 2483 traditum
1836 2441 1922 2494 est,
1967 2441 2125 2484 tamen
2157 2453 2214 2486 ex

152 2507 330 2561 illius
360 2511 585 2569 temporis
623 2511 972 2557 condicionibus
1012 2516 1060 2557 et
1092 2524 1180 2557 usu
1212 2513 1420 2570 conicere
1451 2512 1562 2561 licet
1605 2523 1712 2555 eum
1744 2510 1992 2567 diligenter
2023 2513 2215 2558 institu-

183 2579 301 2646 stum
332 2593 437 2627 esse
481 2595 536 2627 ea
576 2583 837 2640 disciplina,
887 2597 980 2641 qua
1009 2589 1110 2627 tum
1151 2588 1284 2641 pueri
1328 2585 1476 2628 imbui
1508 2586 1724 2626 solerent.
1740 2583 1771 2636 ³)
1833 2583 2071 2627 Educatus
2113 2589 2215 2630 erat

151 2643 178 2709 ᾗ
199 2651 347 2713 igitur
376 2657 586 2702 veterum
615 2669 742 2701 more
773 2658 972 2713 primum
1006 2658 1056 2702 in
1086 2659 1264 2714 gremio
1296 2671 1349 2702 ac
1381 2657 1488 2701 sinu
1521 2655 1685 2699 matris
1718 2660 1765 2698 et
1797 2655 2007 2700 imbutus
2040 2658 2215 2703 artium

151 2715 500 2787 f'<²>honestarum
531 2728 788 2776 elementis.
822 2731 862 2776 A
893 2731 1065 2778 Graeco
1097 2732 1261 2778 deinde
1293 2744 1505 2778 sermone
1549 2726 1783 2784 incepisse
1827 2727 1929 2773 eius
1961 2728 2215 2787 disciplina

235 2800 397 2859 ’detur,
444 2801 663 2869 quoniam
695 2815 786 2848 non
819 2804 952 2850 modo
985 2802 1307 2859 Quintilianus
1340 2808 1498 2863 aperte
1530 2803 1645 2847 illud
1677 2802 1908 2858 probavit,
1954 2802 2036 2846 sed
2068 2804 2214 2848 etiam

149 2871 179 2924 ζ
198 2874 375 2933 Cicero,
417 2874 499 2931 qui
530 2875 580 2919 in
614 2877 824 2934 „dialogo
856 2879 912 2923 de
944 2880 1504 2936 oratoribus‘ftamquam
1538 2878 1778 2923 absolutae
1810 2877 2104 2922 educationis
2136 2890 2215 2922 no-

347 2998 373 3046 ¹)
399 2997 547 3052 Historg
571 2997 599 3043 Ι,
628 2999 660 3035 1.

100 3100 102 3103 ,
163 3093 176 3115 1,
268 3097 272 3099 λ
345 3060 373 3104 ²)
397 3060 496 3097 Plin.
521 3063 629 3108 epist.
654 3061 726 3106 VI,
751 3062 785 3099 6.
811 3061 930 3098 Tacit.
956 3059 1096 3108 dialog.
1125 3062 1180 3098 15.

94 3112 182 3167 ‹ss'ss
208 3126 211 3130 ’
271 3149 273 3151 >
344 3123 372 3166 ³)
397 3122 539 3165 Haase,
564 3123 652 3159 Tac.
679 3134 769 3168 opp.
794 3122 951 3168 praefat.
978 3133 1039 3167 pg.
1066 3121 1154 3158 VII.

596 367 624 381 ,1
696 318 965 378 pontiam
971 281 1087 367 sibi
1096 319 1348 383 paraverit
1371 227 1533 385 leges
1540 327 1589 364 et
1619 319 1844 365 instituta
1871 295 2201 371 maior-umora
2215 376 2225 383 ,Λ
2247 363 2276 387 4

520 389 833 439 Romanorum
862 396 1026 450 gestas
1053 393 1309 450 diiigenter
1348 392 1632 448 cognoverit,
1666 392 1839 449 quippe
1871 393 1946 437 cui
1975 394 2221 450 reprehen-
2329 434 2351 446 „

371 462 381 511 J
394 448 630 509 videretur
659 464 852 514 inscitia
880 464 950 510 rei
981 459 1193 522 publicae
1225 465 1278 509 ut
1310 462 1504 508 alienae.
1525 462 1554 521 ¹)
1585 461 1716 517 Quae
1758 464 1915 509 omnia
1946 466 1999 511 ut
2029 465 2221 523 penitus
2266 460 2269 463 ”
2326 466 2357 488 ‘³

303 604 353 663 t,
372 598 617 664 quatenus,
637 607 718 665 qui
749 611 850 653 tum
882 620 1034 653 mores
1065 610 1114 652 et
1129 608 1259 664 leges
1278 610 1425 663 erant,
1451 606 1635 651 licebat.
1669 606 2012 664 Saepenumero
2041 607 2220 654 factum
2296 610 2299 613 “

2315 945 2327 959 Ο

2346 1362 2353 1366 (

2357 1374 2373 1389 *-
2363 1240 2368 1243 ⁵
2372 941 2377 944 ι

2383 1458 2386 1462 .
2378 1420 2380 1422 <
2381 1349 2383 1352 Α
2384 1293 2393 1306 ,
2376 1253 2393 1272 ,.·
2389 1224 2392 1228 .
2375 1064 2386 1069 r

2410 1601 2413 1604 .
2401 1335 2416 1389 ης,
2389 1150 2410 1261 usn-*0
2397 1119 2405 1123 ,.
2403 1083 2413 1088 „
2410 1040 2414 1042 Ι
2398 955 2404 964 .,

2412 1624 2435 1641 Α
2412 1506 2437 1595 5221
2420 1483 2435 1490 r
2406 1239 2438 1348 mah*
2421 1204 2431 1214 a·
2414 1052 2436 1143 (444)(
2429 1024 2433 1026 ,
2411 940 2428 1002 -’·’·

2421 1220 2461 1649 ²rfss⁷ffi³ffl‘m„a·,÷sssaztaffl
2431 1019 2461 1109 2›.·1».¹-.
2442 830 2458 848 .2
2434 587 2445 636 ‘'···
2433 552 2443 570 “¹
2433 420 2459 522 <uim
2441 395 2444 397 ·

2429 1649 2461 1806 ’ῑὲείιὶκὶΛ-ῑῖ

2413 2088 2425 2102 ι
2422 1996 2426 1999 ,

2426 1979 2461 2112 nataae-e}
2424 1885 2461 1969 {ff}
2424 1837 2440 1862 *⁹
2438 1807 2457 1818 ὲ
