2461 3472
1191 100 1226 114 σγ,

346 263 400 316 ra'.
427 267 742 320 Romanorum
772 260 984 326 tempora
1015 281 1229 316 enarrare
1261 270 1473 315 instituit
1504 282 1532 315 a
1564 270 1726 316 multis
1746 271 1840 317 iam
1866 270 2132 317 auctoribus
2150 271 2252 328 pari

283 341 506 402 effluentia
537 334 598 393 ac
621 339 838 386 libertate
870 340 1030 398 relata,
1081 341 1164 387 sed
1209 342 1482 388 memoriam
1514 342 1639 387 illam
1680 343 1924 389 servitutis
1969 345 2027 388 ab
2060 343 2253 388 Actiaca

224 404 397 472 {fiiu'g‘ha
426 424 575 470 usque
607 412 666 457 ad'
694 411 951 458 Domitiani
993 415 1188 458 mortem
1236 413 1560 470 pertinentem,
1605 427 1722 471 quae
1755 427 1907 459 rerum
1940 416 2252 460 Romanarum

236 482 346 542 pars
379 496 527 541 neque
559 495 587 529 a
619 484 802 540 magnis
835 484 1038 541 ingeniis
1071 497 1220 542 neque
1253 497 1358 529 cum
1389 486 1683 542 posteritatis
1717 499 1826 530 cura
1845 487 2018 531 tradita
2051 489 2165 531 erat.
2199 486 2251 530 In

237 558 330 618 qua
361 558 492 613 parte
525 556 766 601 tractanda
798 555 845 600 id
877 556 1176 613 potissimum
1220 558 1463 614 spectabat
1495 557 1697 613 TacitUS,
1744 561 1796 602 ut
1829 558 2124 603 satisfaceret
2155 571 2252 602 mu-

154 625 156 627 ’
187 643 192 644 ’
235 627 339 674 neri
371 627 441 672 1111
471 627 751 684 gravissimo
787 639 873 685 „ne
904 627 1104 672 virtutes
1137 628 1366 673 sileantur
1398 631 1540 685 utque
1571 629 1729 685 pravis
1762 629 1900 673 dictis
1933 629 2164 686 factisque
2196 642 2252 673 ex

213 699 513 758 posteritate
545 700 592 743 et
624 698 820 743 infamia
851 700 1004 743 metus
1037 699 1143 743 sit“.
1179 700 1288 744 Veri
1320 703 1477 744 autem
1510 700 1680 755 studio,
1716 703 1766 744 ut
1799 701 1892 744 iam
1925 713 2066 757 supra
2097 700 2251 745 docui-

161 810 163 813 .
234 784 355 827 mus,
387 771 577 816 Tacitus
609 783 793 827 semper
823 769 1089 816 ducebatur.
1122 771 1453 817 Verumtamen
1478 785 1569 817 non
1594 771 1730 817 facile
1751 774 1864 827 erat,
1897 772 2069 829 ubique
2090 785 2250 818 verum

237 843 490 902 exquirere.
525 842 642 887 Nam
675 842 777 900 ipse
809 841 947 887 dicit:
973 842 1188 899 „Tiberii
1219 841 1400 899 Gaique
1433 845 1482 889 et
1515 842 1701 887 Claudii
1734 856 1788 887 ac
1819 844 2022 888 Neronis
2054 857 2134 888 res
2166 845 2251 888 flo-

234 916 458 961 rentibus
489 915 612 970 ipsis
657 915 718 958 ob
749 916 932 958 metum
974 914 1144 971 falsae,
1189 918 1447 971 postquam
1485 915 1780 971 occiderant,
1813 917 2091 964 recentibus
2124 916 2248 962 odiis

235 986 531 1043 compositae
564 987 701 1041 sunt3
734 985 847 1030 inde
881 986 1139 1031 consilium
1171 988 1293 1032 mihi
1324 999 1476 1044 pauca
1508 987 1565 1031 de
1585 985 1802 1042 Augusto
1831 990 1879 1032 et
1902 990 2120 1032 extrema
2151 990 2248 1031 tra-

234 1059 365 1115 dere,
410 1071 526 1102 mox
569 1059 753 1102 Tiberii
795 1060 1124 1115 principatum
1170 1061 1220 1102 et
1265 1061 1441 1113 cetera,
1488 1059 1592 1101 sine
1625 1059 1699 1100 ira
1731 1061 1781 1101 et
1813 1059 1993 1113 studio,
2046 1072 2250 1112 quorum

236 1143 406 1176 causas
438 1131 611 1186 procul
651 1131 851 1175 habeo“.
899 1131 1082 1176 Pariter
1121 1130 1259 1175 initio
1297 1129 1635 1175 Historiarum:
1682 1129 1827 1185 „Nam
1859 1132 1973 1186 post
2005 1131 2250 1176 conditam

7 1245 42 1265 ᾖ,
234 1203 404 1248 urbem
435 1202 742 1258 octingentos
787 1202 836 1246 et
868 1203 1042 1258 viginti
1072 1203 1253 1259 prioris
1286 1202 1391 1246 aevi
1423 1212 1576 1245 annos
1609 1202 1752 1251 multi
1794 1204 2015 1246 auctores
2048 1204 2249 1247 rettule-

0 1264 95 1330 ffi*
234 1276 368 1331 runt,
387 1274 500 1318 dum
532 1286 611 1318 res
643 1275 812 1330 populi
835 1274 1040 1318 Romani
1059 1276 1471 1329 memorabantur,
1497 1274 1606 1329 pari
1633 1274 1909 1328 eloquentia
1928 1287 1982 1319 ac
2001 1276 2248 1329 libertate3

231 1349 488 1404 postquam
519 1346 752 1390 bellatum
784 1346 909 1402 apud
941 1345 1134 1390 Actium
1166 1348 1308 1401 atque
1342 1358 1532 1390 omnem
1563 1346 1835 1401 potentiam
1865 1345 1925 1389 ad
1957 1359 2106 1390 unum
2139 1359 2248 1391 con-

232 1420 355 1465 ferri
385 1418 518 1476 pacis
551 1417 794 1474 interfuit,
842 1430 1016 1473 magna
1045 1418 1131 1461 illa
1162 1419 1358 1473 ingenia
1389 1429 1576 1462 cessere
1585 1430 1599 1470 3
1635 1417 1781 1461 simul
1812 1418 1993 1462 veritas
2024 1419 2248 1474 pluribus

232 1492 388 1537 modis
419 1490 648 1545 infracta,
679 1491 889 1546 primum
920 1491 1119 1534 inscitia
1149 1491 1222 1534 rei
1238 1491 1459 1546 publicae
1493 1493 1547 1535 ut
1579 1491 1780 1546 alienae,
1814 1503 1929 1534 mox
1945 1490 2147 1534 libidine
2168 1490 2247 1534 ad-

231 1563 458 1609 sentandi
489 1564 575 1607 aut
604 1574 776 1606 rursus
819 1562 929 1607 odio
968 1562 1199 1607 adversus
1232 1562 1539 1607 dominantes
1549 1576 1563 1617 ;
1605 1563 1677 1606 ita
1708 1562 1896 1610 neutris
1942 1575 2055 1607 cura
2087 1565 2248 1619 poste·

230 1636 393 1681 ritatis
426 1635 557 1679 inter
587 1633 806 1678 infensos
839 1634 915 1678 vel
946 1635 1201 1678 obnoxios.
1246 1635 1364 1678 1111111
1396 1633 1562 1689 Galba,
1610 1633 1751 1689 Otho,
1791 1635 2015 1677 Vitellius
2048 1647 2137 1678 nec
2167 1636 2246 1679 be-

229 1708 400 1752 neficio
433 1719 521 1750 nec
552 1706 731 1749 iniuria
763 1706 970 1761 cogniti3
1004 1706 1291 1761 dignitatem
1323 1707 1541 1750 nostram
1573 1719 1601 1749 a
1631 1706 1925 1761 Vespasiano
1951 1706 2245 1762 inchoatam,

229 1794 258 1824 a
288 1779 400 1824 Tito
434 1780 640 1833 auctam,
673 1791 702 1821 a
732 1778 1011 1821 Domitiano
1034 1778 1228 1832 longius
1249 1770 1527 1833 provectam
1547 1789 1645 1821 non
1667 1778 1940 1831 abnuerim3
1975 1777 2060 1821 sed
2086 1778 2243 1822 incor-

231 1853 427 1908 ruptam
452 1850 594 1895 fldem
626 1849 864 1906 professis
897 1861 1050 1904 neque
1084 1861 1245 1894 amore
1266 1849 1522 1906 quisquam
1544 1850 1592 1893 ct
1613 1849 1717 1894 sine
1739 1849 1848 1894 odio
1869 1849 2100 1894 dicendus
2121 1851 2244 1894 est.“

373 1936 440 1980 Ex
470 1934 600 1980 hisce
631 1933 844 1979 historici
895 1934 1050 1980 verbis
1103 1933 1223 1978 satis
1256 1935 1449 1990 apparet
1494 1933 1632 1978 initio
1680 1946 1784 1977 eum
1829 1935 1916 1978 hoc
1948 1934 2040 1977 sibi
2084 1947 2246 1990 propo-

228 2009 397 2062 suisse,
442 2011 495 2051 ut
526 2007 683 2051 omnia
713 2019 897 2051 summa
940 2006 1213 2062 integritate
1246 2006 1450 2051 referret.
1499 2006 1658 2061 Neque
1692 2006 1846 2050 minus
1890 2006 2004 2050 illud
2037 2006 2244 2051 studium

229 2082 279 2126 in
311 2079 581 2125 enarrandis
624 2081 763 2124 rebus
795 2077 1024 2136 probavit.
1066 2076 1401 2124 Considerabat
1442 2077 1632 2124 Tacitus
1677 2077 1884 2133 Romam,
1930 2077 2118 2122 etiamsi
2151 2089 2245 2123 cor-

227 2152 518 2211 ruptissimis
551 2151 757 2196 moribus
801 2164 854 2196 ac
886 2151 1045 2208 pravis
1090 2150 1432 2207 servilibusque
1464 2150 1669 2207 ingeniis
1702 2152 1959 2206 constabat,
2004 2153 2244 2207 tamquam

228 2228 369 2284 caput
401 2226 527 2271 orbis
570 2227 796 2269 terrarum
830 2237 1024 2281 eamque
1070 2224 1304 2268 dominam
1349 2235 1453 2269 esse
1485 2226 1704 2269 censebat
1750 2224 1970 2279 omnium,
2016 2225 2244 2281 quotquot

225 2299 476 2344 exstabant
505 2297 731 2355 gentium.
757 2295 1050 2354 Quapropter
1082 2297 1260 2341 ceteros
1308 2296 1503 2353 populos
1548 2296 1861 2341 Romanorum
1904 2296 2101 2353 imperio
2134 2308 2244 2341 non-

227 2373 337 2416 dum
369 2371 604 2415 subiectos
636 2371 856 2414 barbaros
889 2370 1097 2425 vocabat,
1130 2369 1260 2413 nulla
1291 2372 1390 2413 arte
1422 2365 1634 2425 insignes
1668 2369 1886 2425 nulloque
1918 2368 2105 2413 nomine
2138 2381 2243 2414 cum

228 2443 451 2489 Romanis
485 2441 830 2498 comparandos.
864 2441 1028 2497 Itaque
1060 2453 1140 2486 eos
1173 2440 1286 2486 adeo
1318 2440 1509 2497 sprevit,
1549 2443 1601 2485 ut
1633 2453 1688 2485 ex
1720 2442 1805 2485 hac
1837 2441 2073 2485 sententia
2106 2452 2242 2497 appa-

228 2519 321 2561 ret:
343 2514 585 2572 „Ceterum
611 2512 905 2557 Britanniam
925 2513 1005 2569 qui
1022 2512 1243 2557 mortales
1263 2512 1401 2556 initio
1421 2512 1661 2567 coluerint,
1695 2512 1943 2568 indigenae
1964 2525 2021 2557 an
2043 2513 2239 2568 advecti,

227 2591 281 2633 ut
311 2587 434 2631 inter
464 2586 684 2790 barqaros
715 2597 876 2642 parum
912 2583 1241 2641 compertum.“
1268 2583 1297 2641 ¹)
1341 2581 1443 2637 Quo
1474 2595 1583 2629 vero
1616 2583 1663 2627 id
1697 2583 1864 2628 melius
1897 2584 2032 2629 nobis
2065 2585 2240 2640 pateat,

0 1921 30 2214 Fffl⁷³ffffl³⁹ffiftvy
1 1888 19 1897 t
0 1864 3 1867 -
0 1835 4 1838 ν
0 1801 13 1816 ¹¹:
13 1766 16 1767 Ἴ
5 1731 6 1735 Α
0 1697 7 1709 r.
0 1676 3 1680 <
4 1620 20 1662 „2¹
5 1602 8 1606 ,
0 1540 14 1580 -'‘-.
0 1457 22 1525 *52³2*
0 1328 31 1431 35⁴?v53.

0 2861 40 2905 ξάεζ-
0 2688 35 2855 ζὶηνξνβ
0 2394 50 2703 [ιὶᾉςίῃμηςῑξῑς
0 2246 45 2388 ἵζ’,ςῑΨ-,γιῄ-ςὲ
16 2163 30 2191 μὴ,
26 2150 29 2151 ¹
29 2100 32 2103 ‚
27 2073 39 2086 «ἡ
16 2030 44 2065 21³⁴
32 2005 34 2007 .

61 2889 63 2894 ⁵
73 2854 75 2857 <
63 2671 76 2682 Χ
71 2608 74 2616 —
66 2528 68 2530 ⁴
64 2435 67 2447 Ἰ
71 2080 73 2082 .

227 2660 475 2707 audiamus
508 2670 533 2702 e
555 2669 610 2702 us
643 2657 1027 2713 indignationem,
1060 2655 1182 2712 quod
1214 2655 1449 2700 Romanae
1482 2655 1590 2699 olim
1624 2656 1785 2711 copiae
1819 2656 1875 2700 ad
1907 2655 2242 2700 Germanorum

228 2736 385 2791 partes
416 2733 547 2776 trans
569 2729 747 2774 issent:
775 2727 1136 2786 „Centurionum
1167 2727 1463 2783 militumque
1496 2728 1769 2771 emebantur
1794 2727 1955 2783 animi,
1988 2730 2041 2771 ut
2073 2752 2131 2758 —
2163 2728 2241 2772 fla-

226 2806 399 2863 gitium
437 2793 725 2865 incoknitum
758 2827 814 2833 —
847 2801 1081 2846 Romanus
1129 2800 1359 2844 exercitus
1404 2800 1453 2843 in
1498 2801 1690 2844 externa
1736 2802 1874 2845 verba
1918 2800 2139 2856 iurarent,
2174 2801 2242 2858 pi-

225 2890 440 2936 gnusque
471 2875 594 2922 tanti
627 2874 815 2921 sceleris
846 2886 958 2918 nece
990 2875 1072 2918 aut
1101 2871 1302 2918 vinculis
1335 2872 1594 2928 legatorum
1626 2872 1853 2918 daretur.“
1871 2872 1903 2928 2)
1946 2871 2241 2930 Quamquam

228 2951 385 2997 autem
417 2948 607 2994 Tacitus
655 2947 847 2992 Romam
879 2946 1092 2991 omnibus
1125 2945 1293 2990 ceteris
1325 2944 1602 2989 civitatibus
1636 2946 1920 3002 praeposuit,
1969 2946 2240 3002 plerumque

228 3026 385 3069 tamen
417 3022 536 3066 nihil
579 3021 626 3065 id
658 3020 815 3065 nocuit
846 3019 997 3076 ipsius
1029 3018 1156 3074 fidei;
1190 3018 1489 3064 barbarorum
1521 3017 1648 3062 enim
1679 3017 1841 3063 laudes
1880 3032 1972 3064 non
2005 3018 2240 3064 dubitavit

374 3192 399 3236 ¹)
426 3193 515 3239 Agr.
544 3191 600 3227 11.

373 3253 400 3297 ²)
425 3253 571 3288 Histor.
596 3252 666 3295 IV,
692 3251 749 3287 57.
