2461 3472
217 307 530 369 monumenta:
550 304 750 366 publica,
802 308 906 353 acta
936 306 1115 360 diurna,
1134 307 1165 364 ¹)
1215 310 1322 354 acta
1354 305 1608 363 senatuS,2)
1655 307 1890 354 orationes
1923 308 1970 353 et
2003 307 2230 366 epistulas

218 370 495 437 principum,
513 378 544 433 ³)
577 378 910 436 inscriptiones
929 379 963 436 ⁴)
996 379 1046 423 in
1078 391 1215 423 suum
1245 391 1386 423 usum
1419 379 1662 423 convertit.

185 505 186 508 Ἴ
362 448 543 504 Quibus
575 452 729 498 autem
751 450 883 495 libris
915 451 1153 496 historicis
1180 453 1227 495 et
1258 451 1564 508 scriptoribus
1596 451 1796 496 maxime
1840 464 1953 496 usus
1986 452 2133 497 fuisse
2165 452 2231 497 vi-

149 558 153 561 .
186 518 364 579 siletur,
385 522 436 567 hi
459 523 556 568 fere
588 523 763 578 sunt:⁵)
796 522 1128 569 Commentarii
1147 522 1253 567 Iulii
1282 521 1555 578 Caesaris6),
1589 523 1907 568 commentarii
1928 523 2230 582 Agrippinae,

153 605 158 610 ’
198 593 414 652 'Neronis
430 596 647 651 matris⁷),
667 595 781 640 fasti
795 597 842 639 et
861 594 1180 640 commentarii
1200 594 1516 652 principumss),
1544 607 1662 651 quae
1679 595 1911 639 Domitius
1929 595 2162 650 Corbuloss)
2183 599 2231 641 et

216 665 425 713 Licinius
445 667 745 723 Mucianus¹⁰)
773 666 829 713 de
847 668 986 713 rebus
1007 664 1213 728 Orientis
1234 666 1575 724 prodidere.·Ex
1594 667 1655 713 iis
1676 669 1845 724 autem,
1864 667 1943 726 qui
1963 668 2145 725 proprie
2163 668 2230 714 hi-

215 740 386 784 storias
403 741 700 797 scripserant,
718 733 1045 785 commemorat
1061 740 1294 783 Aufidium
1316 741 1515 784 Bassum
1533 743 1579 784 et
1601 740 1849 785 Servilium
1881 741 2142 785 Nonianum
2161 742 2226 796 ¹¹),

0 793 63 905 {ss
360 835 385 878 ¹)
410 837 550 872 Annal.
575 836 648 879 ΙΙΙ,
673 837 706 871 3:
733 836 896 871 Matrem
920 835 1127 871 Antoniam
1153 846 1229 871 non
1256 835 1359 880 apud
1385 840 1568 879 auctores,
1587 848 1664 871 non
1691 835 1826 871 diurna
1852 840 2023 871 actorum
2044 837 2230 882 scriptura

0 902 81 942 ''e-'3
213 894 359 941 reperio
384 895 462 931 ullo
488 895 628 942 insigni
655 895 781 931 officio
807 894 994 938 functam;
1025 893 1116 931 ibid.
1143 894 1255 934 XIII,
1275 894 1333 929 31.
1359 905 1446 930 cum
1471 906 1516 930 ex
1542 894 1727 940 dignitate
1755 895 1888 942 populi
1920 895 2085 931 Romani
2109 907 2229 942 reper-

0 924 68 1047 ἓξ·
213 958 295 990 tum
319 955 368 989 sit
392 965 450 989 res
476 955 640 990 illustres
665 955 879 997 annalibus,
906 955 999 989 talia
1024 954 1168 989 diurnis
1194 955 1297 989 urbis
1323 955 1417 989 actis
1443 954 1634 989 mandare.

0 998 66 1074 {J}
359 1013 385 1058 2)
410 1015 550 1052 Annal.
577 1015 663 1060 XV,
701 1014 764 1050 74:
790 1014 953 1062 Reperio
999 1014 1039 1050 in
1076 1014 1355 1050 commentariis
1392 1019 1545 1050 senatus
1582 1014 1766 1050 Cerialem
1803 1014 1992 1057 Anicium,
2033 1016 2228 1052 consulem

0 1061 57 1126 {4533
214 1073 464 1120 designatum,
484 1086 552 1120 pro
579 1076 767 1110 sententia
792 1074 942 1114 dixisse,
962 1078 1005 1109 ut
1029 1075 1213 1120 templum
1238 1074 1324 1109 divo
1350 1074 1494 1109 Neroni
1521 1086 1635 1120 quam
1654 1075 1869 1109 maturrime
1895 1076 2048 1120 publica
2067 1077 2229 1121 pecunia

0 1125 69 1194 }.s*5:’'
212 1139 426 1181 poneretur.
463 1134 561 1171 Plin.
595 1135 703 1182 epist.
730 1134 821 1179 VII,
848 1134 906 1177 33,
944 1134 984 1170 3:
1022 1133 1251 1170 Demonstro
1277 1133 1417 1181 itaque,
1455 1145 1684 1181 quamquam
1710 1133 1945 1181 diligentiam
1970 1138 2075 1171 tuam
2100 1135 2228 1183 fugere

0 1191 36 1248 {3}
212 1205 290 1229 non
316 1195 446 1240 possit,
472 1206 559 1230 cum
584 1196 633 1229 sit
658 1196 696 1229 in
723 1195 885 1240 publicis
911 1195 1015 1230 actis.
2118 1237 2119 1240 Ἴ

0 1247 38 1305 ξ
357 1253 383 1299 ³)
410 1255 550 1292 Annal.
566 1255 595 1292 Ι.
623 1254 680 1290 81:
706 1255 765 1291 De
790 1254 952 1291 comitiis
978 1254 1249 1298 consularibus,
1275 1265 1372 1301 quae
1397 1256 1479 1289 tum
1504 1253 1666 1300 primum
1692 1253 1758 1289 illo
1785 1254 1954 1301 principe
1981 1266 2025 1291 ac
2051 1254 2228 1304 deinceps

0 1316 27 1356 3
210 1314 325 1359 fuere,
364 1315 427 1351 vix
463 1314 670 1362 quidquam
696 1315 841 1349 firmare
867 1315 1004 1358 ausim3
1043 1313 1137 1349 adeo
1176 1314 1323 1350 diversa
1360 1325 1437 1349 non
1463 1314 1577 1349 modo
1604 1314 1707 1360 apud
1733 1319 1916 1358 auctores,
1953 1315 2018 1350 sed
2044 1316 2081 1351 in
2109 1317 2228 1363 ipsius

212 1375 379 1418 (Tiberii)
411 1376 647 1411 orationibus
685 1376 938 1421 reperiuntur;
963 1374 1054 1412 ibid.
1080 1376 1150 1419 VI,
1178 1376 1234 1411 12:
1260 1375 1415 1421 Insigne
1440 1376 1563 1411 visum
1588 1379 1645 1410 est
1670 1385 1800 1410 earum
1825 1375 1996 1411 Caesaris
2021 1377 2231 1413 litterarum

210 1434 379 1477 initium;
422 1446 512 1470 nam
536 1434 595 1470 his
620 1435 743 1470 verbis
768 1445 923 1469 exorsus
949 1437 1022 1469 est:
1065 1434 1185 1478 »Quid
1211 1434 1373 1469 scribam
1404 1434 1522 1475 vobis,
1550 1438 1676 1480 patres
1703 1435 1916 1481 conscripti,
1945 1440 2011 1470 aut
2036 1436 2227 1482 quomodo

209 1495 372 1530 scribam
395 1484 461 1530 aut
480 1495 571 1541 quid
598 1496 752 1530 omnino
773 1506 849 1530 non
876 1495 1040 1530 scribam
1063 1494 1135 1530 hoc
1160 1498 1339 1541 tempore,
1366 1494 1404 1529 di
1428 1505 1487 1529 me
1513 1494 1679 1540 deaeque
1705 1496 1812 1540 peius
1832 1495 1993 1541 perdant
2012 1508 2127 1542 quam
2146 1509 2228 1543 per-

209 1556 263 1590 ire
287 1565 347 1590 me
375 1555 529 1590 cottidie
555 1554 687 1598 sentio,
713 1555 744 1590 si
770 1555 880 1591 scios
920 1554 975 1590 Cf.
1003 1554 1128 1590 annal.
1155 1554 1207 1597 ΙΙ,
1233 1554 1295 1597 63;
1322 1554 1370 1593 V,
1396 1554 1434 1596 2;
1461 1553 1531 1597 XI,
1557 1554 1613 1590 24.
1637 1554 1781 1590 Histor.
1810 1555 1839 1596 Ι,
1867 1556 1924 1591 99.
1950 1556 2227 1602 Imperatorum

208 1615 395 1660 epistulae
421 1618 773 1650 commemorantur:
800 1614 927 1649 annal.
956 1614 1025 1656 1V,
1052 1613 1115 1656 39;
1141 1613 1210 1657 lv,
1236 1613 1299 1656 40;
1326 1613 1393 1656 VI,
1420 1614 1452 1649 6.

352 1673 379 1717 ⁴)
405 1674 545 1710 Annal.
572 1673 642 1717 XI,
672 1674 727 1709 14:
753 1674 868 1709 Primi
894 1684 961 1719 per
985 1673 1127 1718 figuras
1152 1673 1374 1707 animalium
1398 1673 1575 1719 Aegyptii
1602 1683 1733 1708 sensus
1759 1674 1895 1708 mentis
1921 1674 2154 1720 effingebant
2182 1694 2225 1700 —

206 1744 253 1769 ea
272 1734 532 1779 antiquissima
551 1738 798 1769 monumenta
823 1734 1023 1769 memoriae
1037 1733 1223 1768 humanae
1237 1732 1420 1778 impressa
1433 1733 1534 1767 saxis
1560 1738 1812 1768 cernuntur—
1822 1737 1859 1768 et
1884 1734 2094 1770 litterarum
2108 1739 2225 1770 semet

207 1793 422 1829 inventores
447 1793 655 1839 perhibent.
682 1792 780 1829 Ibid.
800 1793 891 1836 XII,
911 1793 974 1828 53:
1001 1796 1039 1828 et
1063 1791 1181 1826 fixum
1204 1795 1261 1826 est
1286 1802 1371 1827 aere
1399 1791 1553 1838 publico
1580 1795 1733 1827 senatus
1758 1793 1985 1836 consultum,
2012 1804 2086 1840 quo
2113 1794 2224 1829 liber-

207 1853 310 1888 tinus
336 1853 496 1889 sestertii
520 1858 577 1889 ter
600 1854 749 1888 miliens
773 1864 967 1899 possessor
1005 1851 1184 1897 antiquae
1215 1851 1469 1897 parsimoniae
1493 1850 1670 1886 laudibus
1696 1851 1972 1888 cumulabatur.
2012 1852 2067 1889 Cf.
2095 1853 2222 1888 annal.

208 1913 300 1956 XII,
326 1913 383 1949 24.
413 1913 559 1950 Histor.
581 1913 651 1957 IV,
677 1913 738 1950 40.

353 1972 380 2016 ⁵)
407 1972 463 2009 Of.
490 1973 632 2023 Haase,
659 1972 816 2019 praefat.
844 1983 905 2018 pg.
933 1970 1092 2007 XLVII.

352 2032 379 2075 ὃ>
406 2033 530 2069 Germ.
557 2034 614 2068 28:
640 2033 854 2068 Validiores
892 2033 984 2066 olim
1022 2032 1220 2067 Gallorum
1261 2042 1319 2065 res
1356 2032 1470 2068 fuisse
1508 2044 1675 2067 summus
1714 2037 1912 2068 auctorum
1951 2032 2060 2067 divus
2097 2033 2221 2067 Julius

207 2091 332 2129 tradit.
360 2092 415 2129 Of.
442 2092 566 2139 Agric.
594 2092 652 2127 13.

353 2152 379 2196 7)
406 2153 543 2189 Annal.
570 2153 638 2197 IV,
659 2153 719 2189 53:
752 2153 798 2189 Id
824 2164 907 2199 ego,
934 2164 956 2188 a
982 2152 1228 2199 scriptoribus
1254 2154 1449 2190 annalium
1474 2165 1552 2189 non
1578 2153 1769 2198 traditum,
1795 2154 1941 2200 repperi
1967 2154 2006 2188 in
2033 2165 2221 2189 commen-

134 2249 136 2252 ,
206 2213 311 2249 tariis
337 2213 569 2259 Agrippinae
588 2213 701 2257 filiae,
741 2225 836 2260 quae
862 2213 1025 2249 Neronis
1052 2214 1233 2261 principis
1258 2219 1377 2250 mater
1401 2214 1518 2249 vitam
1544 2226 1651 2249 suam
1676 2218 1714 2250 et
1745 2225 1855 2249 casus
1881 2225 2035 2249 suorum
2060 2215 2220 2260 posteris

206 2275 434 2309 memoravit.

351 2333 378 2376 ⁸)
404 2333 544 2369 Annal.
569 2333 600 2376 Ι,
627 2333 692 2368 15:
719 2333 822 2368 Inter
848 2344 944 2379 quae
969 2333 1112 2368 tribuni
1138 2333 1263 2380 plebei
1289 2335 1465 2380 petivere,
1491 2338 1533 2369 ut
1559 2334 1710 2380 proprio
1738 2337 1891 2380 sumptu
1917 2333 2071 2368 ederent
2095 2333 2218 2377 ludos,

206 2394 270 2440 qui
296 2393 342 2428 de
368 2394 520 2428 nomine
550 2393 714 2439 Augusti
739 2392 848 2428 fastis
880 2392 999 2428 additi
1025 2393 1255 2439 Augustales
1280 2399 1517 2430 vocarentur.
1541 2394 1685 2429 Histor.
1718 2394 1789 2437 ΙΙΙ,
1818 2395 1873 2429 17;
1899 2394 2047 2429 Primus
2073 2398 2221 2429 senten-

206 2455 298 2490 tiam
322 2456 477 2499 rogatus
502 2453 678 2488 Aurelius
704 2452 817 2488 Cotta
848 2452 982 2487 consul
1007 2462 1145 2488 nomen
1177 2452 1327 2489 Pisonis
1361 2452 1573 2488 radendum
1604 2453 1710 2488 fastis
1737 2454 1898 2496 censuit;
1936 2452 2024 2488 ibid.
2058 2453 2126 2496 IV,
2161 2452 2219 2489 40:

204 2515 300 2561 petit
324 2526 347 2549 a
372 2514 533 2549 Caesare
551 2513 575 2549 J
577 2514 689 2548 unius
707 2513 912 2555 Mauricus,
933 2517 976 2547 ut
995 2514 1348 2549 commentariorum
1368 2514 1637 2559 principalium
1655 2518 1882 2559 potestatem
1901 2514 2049 2548 senatui
2068 2513 2218 2555 faceret,

204 2585 272 2622 per
296 2584 392 2621 quos
417 2576 598 2616 nosceret,
625 2583 737 2620 quem
762 2572 920 2619 quisque
947 2571 1203 2608 accusandum
1228 2573 1483 2619 poposcisset3
1520 2572 1796 2608 consulendum
1822 2573 1889 2607 tali
1915 2583 2028 2618 super
2053 2583 2092 2607 re
2118 2573 2217 2618 prin-

204 2636 328 2681 cipem
352 2633 555 2680 respondit.
595 2633 651 2669 Of.
678 2633 775 2669 Plin.
803 2633 910 2679 epist.
937 2632 984 2676 X,
1012 2633 1068 2676 71,
1096 2634 1152 2669 72.
1197 2633 1286 2668 Huc
1312 2634 1428 2668 etiam
1452 2632 1687 2668 referendum
1712 2637 1768 2668 est
1793 2633 2029 2679 imperatoris
2055 2633 2217 2678 Augusti

203 2699 471 2730 testamentum
495 2696 649 2739 eiusque
673 2694 856 2734 libellum,
883 2704 957 2738 quo
984 2703 1076 2738 opes
1100 2693 1276 2738 publicas
1301 2704 1370 2728 sua
1395 2704 1510 2728 manu
1537 2693 1813 2738 perscripserat.
1840 2693 1980 2729 Annal.
2005 2693 2036 2736 I,
2062 2694 2096 2735 8,
2124 2694 2180 2729 11.

349 2753 376 2797 ⁰)
402 2753 541 2789 Annal.
568 2753 654 2796 XV,
681 2754 746 2788 16:
773 2753 948 2787 Ceterum
975 2752 1138 2787 obsessis
1176 2751 1270 2787 adeo
1297 2751 1596 2798 suppeditavisse
1622 2763 1701 2787 rem
1725 2752 2009 2787 frumentariam
2036 2753 2216 2796 constitit,

203 2819 245 2849 ut
271 2813 413 2849 horreis
438 2813 563 2859 ignem
588 2813 770 2848 inicerent
789 2816 994 2857 contraque
1021 2811 1226 2857 prodiderit
1251 2811 1429 2854 Corbulo,
1448 2811 1610 2847 Parthos
1634 2812 1767 2856 inopes
1793 2812 1987 2857 copiarum
2011 2816 2048 2846 et
2073 2812 2216 2857 pabulo

204 2874 333 2910 attrito
361 2874 556 2909 relicturos
582 2873 917 2919 oppugnationem,
944 2882 1065 2918 neque
1091 2882 1130 2907 se
1155 2871 1242 2917 plus
1267 2870 1381 2906 tridui
1406 2871 1538 2906 itinere
1564 2870 1711 2906 afuisse.

349 2934 390 2977 ¹⁰)
418 2933 563 2970 Histor.
588 2933 658 2975 ΙΙΙ,
685 2934 748 2969 46;
774 2933 929 2979 Iamque
955 2937 1077 2968 castra
1112 2931 1305 2977 legionum
1331 2930 1527 2967 excindere
1553 2930 1753 2976 parabant,
1778 2931 1816 2965 ni
1843 2930 2045 2966 Mucianus
2071 2934 2219 2966 sextam

203 2995 392 3042 legionem
418 2994 666 3040 opposuisset,
693 2992 956 3028 Cremonensis
981 2991 1159 3027 victoriae
1185 3002 1336 3035 gnarus,
1356 3001 1400 3026 ac
1426 3001 1473 3025 ne
1499 2995 1653 3024 externa
1672 2990 1791 3025 moles
1810 2991 1997 3036 utrimque
2017 2990 2217 3036 ingrueret,

204 3056 236 3091 si
272 3056 403 3090 Dacus
440 3054 727 3099 Germanusque
762 3053 898 3088 diversi
923 3052 1158 3098 irrupissent;
1197 3050 1329 3094 adfuit,
1366 3053 1408 3085 ut
1434 3061 1546 3096 saepe
1573 3050 1678 3090 alias,
1704 3050 1857 3085 fortuna
1882 3050 2015 3096 populi
2041 3050 2217 3093 Romani,

203 3127 301 3164 quae
326 3115 549 3151 Mucianum
573 3114 744 3161 viresque
769 3112 932 3149 Orientis
957 3113 1047 3149 illuc
1073 3112 1169 3156 tulit,
1195 3116 1232 3147 et
1257 3109 1358 3158 quod
1384 3110 1591 3147 Cremonae
1617 3110 1766 3147 interim
1790 3110 2054 3157 transegimus.

349 3175 390 3218 ¹¹)
416 3175 565 3220 Dialog.
591 3175 654 3210 23:
681 3174 756 3209 Sed
783 3174 890 3210 vobis
914 3174 1043 3219 utique
1068 3176 1263 3208 versantur
1287 3175 1374 3207 ante
1400 3171 1531 3206 oculos
1556 3172 1628 3214 isti,
1654 3173 1719 3217 qui
1745 3171 1934 3206 Lucilium
1959 3183 2026 3216 pro
2053 3171 2216 3205 Horatio

201 3241 240 3272 et
263 3236 479 3272 Lucretium
516 3245 584 3281 pro
610 3234 777 3280 Vergilio
802 3234 947 3280 legunt,
986 3233 1122 3280 quibus
1147 3231 1362 3279 eloquentia
1399 3230 1542 3267 Aufidii
1568 3231 1673 3268 Bassi
1701 3235 1767 3267 aut
1792 3231 1939 3268 Servilii
1975 3231 2144 3267 Noniani
2169 3241 2216 3266 ex

202 3295 486 3343 comparatione
511 3294 692 3331 Sisennae
718 3298 784 3330 aut
810 3294 993 3330 Varronis
1020 3291 1153 3329 sordet.
