2461 3472
407 301 535 348 Inter
566 314 728 348 omnes
760 303 916 347 autem
960 300 1227 359 scripturae,
1279 300 1358 359 qui
1410 313 1485 346 res
1538 299 1772 347 Romanas
1821 257 2109 357 litterarum.
2121 293 2217 367 'md

260 373 435 418 mentis
468 372 787 431 prodiderunt,
821 373 900 418 vix
932 373 1182 430 quisquam
1216 373 1491 430 reperiatur,
1525 372 1604 429 qui
1638 374 1819 416 tantam
1860 372 1955 417 vim
1982 371 2164 428 ingenii
2190 359 2242 418 ta

260 448 456 502 tumque
478 445 639 489 iudicii
662 458 855 490 acumen
876 446 1167 500 praestiterit
1194 457 1284 489 una
1315 458 1418 489 cum
1449 444 1672 489 acerrimo
1703 444 1917 489 veritatis
1946 436 2293 500 aequitatisque

261 508 422 563 studio
438 519 485 562 et
506 516 872 573 flagrantissimo
891 516 1125 561 libertatis
1145 516 1430 573 virtutisque
1452 527 1605 560 amore
1637 527 1776 572 quam
1806 515 2009 560 Tacitus.
2042 514 2133 560 Diu
2165 514 2291 560 enim
2311 518 2327 581 1‘

263 589 556 645 multumque
590 589 639 633 in
673 589 807 633 aulae
841 590 980 645 atque
1013 588 1100 633 fori
1135 588 1472 633 consuetudine
1509 590 1724 633 versatus
1758 590 1804 631 et
1849 587 2037 643 penitus
2082 587 2290 633 imbutus
2318 580 2322 583 ’

263 675 369 707 cum
403 663 628 708 bonarum
660 663 758 706 tum
793 661 1021 706 malarum
1055 662 1226 707 artium
1260 660 1527 719 cognitione
1572 671 1733 706 omnes
1782 659 1854 706 vel
1900 658 2093 705 intimas
2136 672 2310 723 rerum.
2373 654 2375 656 ’
2422 664 2461 684 ³

260 746 427 780 causas
460 734 687 791 perspicit
718 745 972 790 omnesque
1006 734 1333 779 simulationes
1366 737 1413 778 et
1444 734 1655 778 fallacias
1688 733 1879 790 detegit,
1900 733 1968 777 ita
1988 734 2039 776 ut
2059 744 2114 776 ex
2133 733 2290 778 verbis

225 835 227 837 ·
262 806 385 851 infra
418 806 576 851 allatis
610 806 729 850 satis
749 808 986 862 appareat,
1006 820 1146 863 quem
1179 808 1319 852 finem
1352 809 1399 851 et
1431 819 1570 862 quam
1602 805 1900 863 praecipuam
1922 805 2145 854 historiae
2166 804 2290 860 utili-

261 880 408 924 tatem
442 890 546 922 esse
579 877 781 923 voluerit
799 877 869 923 vir
889 877 1082 923 virtutis
1100 869 1494 923 studiosissimus.
1529 877 1895 933 „Praecipuum,
1918 876 2086 933 inquit,
2112 887 2288 920 munus

260 949 509 992 annalium
542 961 671 1004 reor,
705 961 765 992 ne
800 949 1008 993 virtutes
1053 950 1308 1004 sileantur,
1355 951 1502 1003 utque
1547 949 1708 1004 pravis
1754 949 1900 992 dIctis
1929 948 2183 1002 vfactisque
2227 961 2289 991 ex

261 1022 553 1076 posteritate
587 1023 636 1065 et
668 1021 873 1065 infamia
904 1025 1062 1068 metus
1096 1023 1246 1076 sit“.¹)
1280 1022 1443 1078 Itaque
1476 1034 1628 1065 rerum
1661 1020 1872 1076 scriptor,
1894 1023 2131 1077 tamquam
2152 1020 2289 1065 iudex

261 1093 466 1150 quidam,
501 1093 618 1138 nihil
654 1093 747 1138 nisi
782 1092 1046 1138 iustissima
1079 1093 1253 1138 iudicia
1285 1093 1490 1151 proferre
1524 1092 1662 1136 debet
1694 1104 1841 1151 qaque
1888 1094 2022 1137 tanta
2070 1092 2288 1137 veritatis

261 1167 310 1211 vi
345 1179 397 1210 ac
430 1167 679 1221 gravitate,
714 1169 765 1209 ut
798 1169 972 1209 metum
1007 1166 1150 1210 faciat
1184 1166 1259 1220 iis,
1296 1165 1376 1221 qui
1410 1178 1656 1221 pravorum
1690 1164 1919 1208 dictorum
1969 1164 2286 1221 factorumque

261 1238 508 1283 infamiam
541 1238 614 1283 vel
648 1237 886 1294 potentiae
921 1229 1166 1294 splendore
1199 1237 1273 1283 vel
1306 1237 1474 1282 callida
1518 1235 1708 1282 virtutis
1742 1235 2041 1281 simulatione
2086 1236 2287 1294 effugere

261 1310 422 1356 velint.
458 1310 648 1354 Tacitus
682 1311 838 1354 autem
858 1311 909 1354 ut
942 1309 1297 1355 severissimum
1319 1321 1369 1355 se
1390 1311 1599 1367 praestat
1619 1309 1845 1353 malorum
1873 1321 2287 1367 perversorumque

260 1382 518 1425 facinorum
553 1382 768 1435 iudicem,
803 1381 870 1425 ita
915 1382 1071 1424 animo
1122 1382 1438 1426 libentissimo
1489 1382 1763 1425 immoratur
1812 1382 1860 1425 in
1912 1382 2164 1425 virtutibus
2215 1395 2288 1425 ex—

259 1452 502 1507 tollendis;
538 1465 774 1509 nunquam
811 1465 959 1509 neque
993 1452 1063 1497 ira
1096 1466 1246 1510 neque
1297 1452 1452 1499 studio
1503 1454 1724 1510 abreptus
1757 1465 1989 1510 unamque
2041 1453 2287 1499 veritatem
2333 1482 2338 1487 -

259 1525 423 1569 ducem
457 1527 646 1569 secutus
680 1524 891 1580 retinuit,
926 1525 1046 1581 quod
1079 1527 1153 1569 est
1185 1525 1528 1581 difficillimum,
1562 1530 1609 1569 et
1641 1524 1793 1569 laudis
1833 1529 1879 1568 et
1929 1525 2286 1581 vituperationis

260 1596 499 1650 modum2).

405 1668 502 1712 Iam
536 1680 645 1713 vero
680 1668 1000 1724 exponendum
1036 1669 1170 1713 nobis
1204 1670 1290 1725 est,
1325 1681 1462 1725 quem
1495 1668 1753 1713 studiorum
1787 1679 1973 1712 cursum
2006 1668 2197 1712 Tacitus
2231 1668 2287 1713 ad

257 1740 553 1784 scribendam
588 1740 836 1783 historiam
870 1740 1117 1795 perfecerit
1149 1744 1196 1784 et
1229 1741 1456 1797 quomodo
1490 1740 1777 1796 praeclarum
1812 1740 1925 1783 illud
1958 1740 2199 1795 ingenium
2229 1740 2287 1783 ad

258 1812 529 1855 tractandas
563 1823 637 1855 res
670 1813 830 1866 gestas
867 1811 1149 1855 adhibuerit.
1186 1812 1355 1855 Rerum
1389 1811 1631 1867 scriptoris
1665 1814 1820 1855 autem
1852 1823 2023 1855 munus
2057 1824 2160 1855 cum
2192 1811 2286 1855 tale

257 1883 320 1927 sit
356 1896 409 1927 ac
442 1884 642 1935 tantum,
678 1885 729 1926 ιιι
763 1895 905 1940 supra
937 1883 1193 1939 docuimus,
1228 1883 1440 1928 Tacitum
1473 1883 1673 1927 maxime
1707 1882 1922 1926 idoneum
1955 1885 2002 1927 et
2034 1883 2169 1939 quasi
2209 1896 2287 1927 na-

255 1958 358 2000 tum
394 1958 441 2000 et
474 1955 650 1999 factum
684 1966 788 1999 esse
841 1954 898 1999 ad
949 1955 1196 2000 historiam
1247 1955 1538 2000 scribendam
1588 1954 1910 2010 putabimus.³)
1962 1955 2120 2011 Neque
2160 1955 2286 2000 enim

258 2026 407 2071 solum
424 2026 597 2070 litteris
613 2028 659 2070 et
674 2026 844 2070 studiis
863 2026 920 2070 ad
941 2027 987 2069 id
1003 2039 1118 2083 opus
1146 2028 1477 2083 perficiendum
1504 2027 1714 2071 eruditus
1741 2030 1855 2082 erat,
1872 2027 1951 2070 sed
1979 2028 2121 2071 etiam
2145 2028 2289 2072 clama

256 2112 357 2143 rum
387 2101 434 2143 et
454 2100 678 2143 bonorum
706 2098 910 2143 virorum
939 2099 1274 2144 consuetudine
1301 2103 1348 2144 et
1375 2100 1500 2146 vitae
1529 2112 1615 2144 usu
1644 2099 1905 2156 multiplici.
1934 2099 2132 2144 Tantum
2159 2101 2285 2145 enim

257 2171 431 2227 ubique
450 2171 731 2216 auctoritate
748 2171 910 2225 valuit,
928 2173 992 2222 ut,
1009 2185 1113 2215 cuin
1129 2172 1185 2216 ad
1203 2172 1331 2228 ipsos
1346 2173 1650 2228 imperatores
1665 2184 1963 2228 summosque
1978 2173 2285 2228 magistratus

258 2244 415 2287 aditus
453 2243 496 2286 ei
529 2246 727 2299 pateret,
762 2247 861 2286 tum
896 2256 987 2286 non
1022 2246 1229 2287 actorum
1263 2245 1413 2288 solum
1443 2247 1636 2288 senatus
1656 2244 1922 2300 populique,
1956 2245 2037 2289 sed
2058 2257 2285 2291 commen-

256 2315 481 2359 tariorum
517 2315 660 2359 etiam
697 2314 961 2370 principum
995 2314 1390 2371 inspiciendorum
1425 2315 1570 2360 libera
1602 2316 1645 2360 ei
1679 2318 1805 2360 esset
1839 2318 2060 2371 potestas.
2100 2317 2283 2374 Eorum,

257 2400 374 2441 quae
407 2387 660 2430 memoriae
694 2386 912 2441 prodidit,
935 2386 1084 2430 multa
1117 2387 1218 2442 ipse
1253 2387 1384 2441 vidit,
1420 2388 1566 2431 multa
1599 2400 1679 2443 per
1711 2400 1804 2442 eOS,
1853 2388 1933 2443 qui
1968 2389 2103 2432 rebus
2134 2390 2284 2444 gestis

257 2457 581 2512 interfuerant,
616 2457 857 2514 comperit.
891 2455 1022 2511 Quae
1056 2462 1211 2503 autem
1245 2458 1303 2503 ad
1337 2458 1643 2512 Britanniam,
1688 2458 1745 2503 ad
1778 2457 2086 2514 Germaniam,
2120 2460 2178 2505 ad
2210 2474 2285 2507 res

258 2529 467 2575 Orientis
501 2530 814 2587 pertinebant,
848 2542 1007 2574 eorum
1040 2531 1351 2586 gravissimos
1386 2533 1597 2575 auctores
1630 2533 1869 2587 testesque
1901 2533 2064 2576 habuit
2097 2533 2285 2589 Agrico-

257 2603 364 2659 lam,
398 2602 602 2647 Plinium
636 2602 873 2656 maiorem,
908 2601 1184 2658 Verginium
1218 2603 1403 2659 Rufum,
1438 2603 1702 2658 Traianum,
1736 2603 1968 2649 Licinium
2000 2604 2282 2663 Mucianum,
2347 2627 2350 2631 ·
2422 2628 2424 2630 ·
2455 2604 2457 2606 ’

256 2675 615 2731 Vespasianum,
650 2675 820 2725 Titum,
855 2674 986 2719 alios.

404 2745 496 2790 Sed
529 2750 755 2802 quantum
790 2746 933 2790 fuerit
965 2746 1116 2791 Taciti
1150 2748 1357 2791 studium
1393 2747 1440 2791 in
1474 2747 1683 2803 legendis
1717 2748 2037 2805 scriptoribus,
2072 2750 2151 2807 qui
2174 2753 2283 2795 ante

255 2817 458 2873 fuerunt,
506 2821 820 2873 quantamque
867 2818 1162 2874 diligentiam
1207 2819 1474 2864 adhibuerit
1520 2820 1569 2863 in
1615 2820 1873 2876 colligenda
1917 2821 2142 2867 historiae
2174 2823 2284 2867 scri-

256 2889 433 2934 bendae
468 2889 678 2945 materia,
713 2890 947 2934 neminem
981 2890 1161 2946 latebit,
1214 2891 1295 2947 qui
1319 2891 1518 2955 'nomina
1549 2893 1733 2936 tantum
1776 2892 2057 2950 scriptorum
2088 2895 2146 2938 ab
2179 2894 2283 2952 ipso

258 2964 722 3006 commemoratorum
771 2962 939 3007 leviter
972 2965 1018 3006 et
1051 2963 1201 3006 obiter
1232 2964 1582 3019 percucurrerit.
1627 2964 1820 3009 Summa
1869 2968 2023 3009 autem
2057 2967 2283 3022 religione

408 3092 415 3113 ¹
458 3093 596 3128 Annal.
626 3092 694 3136 III,
723 3093 780 3129 65.

405 3096 431 3193 ΖΞ
459 3152 711 3191 Hoffmeister,
739 3153 799 3187 die
826 3153 1181 3201 Weltanschauung
1207 3155 1242 3191 d.
1263 3156 1380 3191 Tacit.
1407 3156 1525 3191 Essen
1555 3157 1659 3200 1831,
1685 3169 1747 3203 pg.
1773 3158 1820 3193 43
1846 3170 1900 3205 sq.
1916 3158 2182 3202 Wallichs,die
2209 3157 2283 3193 Ge-

256 3212 635 3259 schichtsehreibung
660 3212 725 3248 des
752 3214 915 3254 Tacitus,
944 3214 1086 3260 l‘r‹›gr.,
1114 3214 1343 3262 Rendsburg
1372 3216 1473 3252 1888.
1502 3229 1563 3263 pg.
1594 3218 1638 3253 lo
1664 3229 1744 3264 sqq.

405 3271 432 3316 ³)
459 3272 601 3317 Haase,
629 3273 797 3318 praefat„
824 3285 886 3319 pg.
916 3274 1027 3309 XLII
1054 3287 1106 3320 sq.
