2461 3472
224 284 368 352 Supra
398 291 710 350 exposuimus.
748 290 962 335 Vidimus
994 292 1080 336 hoc
1112 291 1259 336 fuisse
1292 291 1452 335 Tacito
1484 291 1534 334 in
1566 292 1810 337 scribenda
1841 294 2040 337 historia
2071 305 2234 349 propo·

224 366 383 423 situm,
422 367 473 409 ut
504 362 764 409 excitandis
808 363 1035 408 maiorum
1067 362 1292 421 exemplis
1326 362 1453 408 cives
1486 375 1596 408 suos
1629 377 1657 409 a
1694 365 1816 410 malo
1850 360 2094 420 averteret,
2133 377 2234 421 pro-

149 443 191 489 ,ἡ
223 437 418 496 pelleret
449 436 508 481 ad
538 436 775 481 virtutem.
806 435 1051 480 Materiam
1083 439 1240 480 autem
1271 435 1341 479 ita
1371 435 1594 480 tractavit
1626 438 1673 480 et
1706 437 1918 493 digessit,
1940 440 1992 480 ut
2024 448 2233 481 summus

157 508 181 561 ³,
223 508 448 555 historiae
481 507 741 553 condendae
773 506 1210 552 artifex‘habendus
1242 506 1319 551 sit.
1368 505 1698 552 Verumtamen
1740 508 1916 566 scripta
1948 508 2049 552 eius
2082 508 2235 565 legen-

222 581 350 626 tibus
383 581 517 625 nobis
541 570 703 625 'tacita
734 581 959 636 quaedam
991 580 1146 623 animo
1185 580 1459 624 obversatur
1490 579 1669 635 ingenii
1714 594 1983 637 morumque
2016 593 2236 636 expressa

156 677 160 681 ·
224 654 393 709 imago.
453 653 659 709 Apparet
689 654 846 696 autem
878 651 927 695 in
959 650 1020 695 iis
1052 651 1223 696 eximia
1263 650 1442 706 ingenii
1474 651 1521 695 vi
1554 654 1602 694 et
1634 652 1847 695 acumine
1880 652 2124 707 excellens,
2159 664 2235 694 an-

224 727 382 782 tiquae
425 724 657 768 libertatis
701 723 973 779 patriaeque
1014 722 1384 777 amantissimus,
1431 724 1679 767 vehemens
1723 724 1883 780 impiis
1929 724 2234 780 scelestisque

206 797 428 842 'moribus
461 794 768 841 adversarius.
813 794 983 837 Eadem
1016 794 1098 838 illa
1140 794 1314 850 scripta
1346 805 1452 836 eum
1494 794 1694 849 produnt
1725 795 1946 838 eximium
1990 798 2234 851 oratorem,

224 869 510 927 praeclarum
557 867 846 921 historicum,
880 878 1113 909 summum
1144 866 1486 921 philosophum,
1519 866 1599 921 qui
1632 868 1815 911 interna
1847 869 2077 911 humanae
2108 867 2236 911 indo-

199 943 283 987 »lis
328 939 524 985 consilia
556 941 670 983 bene
714 938 952 995 explorata
984 938 1184 982 habebat
1222 938 1269 981 et
1301 936 1427 980 omni
1459 937 1594 981 modo
1633 938 1850 994 aequales
1896 939 1953 983 ad
1985 939 2234 995 pristinam

223 1014 444 1060 virtutem
476 1023 744 1066 morumque
783 1010 1135 1066 simplicitatem
1154 1009 1372 1052 reducere
1396 1009 1767 1065 concupiscebat.
1800 1010 2032 1066 Antiquae
2066 1011 2133 1055 rei
2155 1024 2236 1067 pu-

223 1086 370 1131 blicae
391 1083 742 1127 amantissimus
770 1082 978 1138 nihilque
1012 1081 1121 1125 boni
1154 1082 1240 1125 sub
1263 1081 1544 1136 imperatore
1577 1081 1740 1125 adesse
1774 1082 1960 1127 civitati
1981 1083 2235 1127 arbitratus

224 1157 460 1212 comparat
490 1153 755 1210 praesentia
786 1155 997 1208 tempora
1029 1165 1132 1196 cum
1165 1151 1548 1208 praecedentibus
1570 1155 1709 1209 atque
1742 1153 1896 1198 ubivis
1929 1154 1995 1197 rei
2023 1154 2235 1209 publicae

226 1222 356 1282 bona,
389 1226 511 1270 mala
542 1224 830 1281 principatus
863 1224 1081 1268 ostendit.
1128 1222 1380 1268 Continent
1424 1223 1570 1279 igitur
1613 1225 1714 1268 eius
1760 1225 1936 1280 scripta
1967 1225 2236 1269 continuam

0 1298 56 1332 ‘r
224 1299 457 1357 querelam
500 1298 556 1341 de
589 1297 759 1340 Romae
791 1295 995 1351 miseria,
1042 1295 1116 1340 cui
1149 1294 1404 1339 remedium
1437 1295 1647 1339 adhiberi
1680 1308 1772 1340 non
1804 1296 2005 1352 amplius
2038 1299 2235 1353 poterat,

56 1374 58 1376 ’
221 1386 325 1418 cum
356 1372 537 1429 priscae
581 1368 772 1415 virtutis
804 1367 1085 1413 desiderium
1130 1370 1225 1412 iam
1269 1369 1396 1412 esset
1429 1367 1726 1421 exstinctum,
1773 1368 2005 1413 exstincta
2044 1369 2236 1414 libertas

221 1445 302 1489 illa
346 1443 499 1488 civilis
531 1443 579 1485 et
609 1441 813 1485 moralis.
876 1440 1004 1483 Vixit
1035 1440 1161 1483 enim
1205 1440 1395 1483 Tacitus
1428 1452 1484 1484 ea
1514 1440 1674 1495 populi
1717 1441 1913 1485 Romani
1946 1444 2112 1497 aetate,
2147 1454 2238 1496 qua

222 1519 389 1562 cuncta
420 1516 476 1560 ab
509 1514 649 1557 unius
681 1513 921 1559 voluntate
955 1515 1161 1567 nutuque
1193 1511 1471 1567 pendebant,
1506 1524 1597 1566 qua
1640 1511 1806 1568 optimi
1839 1512 2010 1568 quique
2043 1513 2091 1558 in
2126 1514 2237 1559 civi-

221 1591 317 1634 tate
348 1587 438 1633 viri
469 1586 604 1630 falsis
638 1584 910 1628 criminibus
944 1583 1001 1628 ad
1045 1587 1241 1628 mortem
1272 1583 1558 1627 ducebantur
1590 1584 1664 1629 vel
1703 1584 2025 1640 plectebantur
2057 1586 2236 1630 exsilio.

220 1662 397 1706 Morum
434 1650 693 1713 corruptela
724 1656 773 1699 in
790 1655 1019 1712 principis
1037 1655 1204 1710 aulam,
1223 1655 1271 1698 in
1306 1656 1496 1711 curiam,
1529 1656 1578 1699 in
1598 1655 1747 1700 forum
1769 1657 1945 1701 sensim
1965 1657 2238 1719 irrepserat3

219 1732 569 1777 desiderabatur
633 1728 789 1784 prisca
833 1728 914 1771 illa
973 1727 1132 1783 populi
1188 1727 1353 1782 virtus,
1409 1728 1691 1787 constantia,
1739 1727 1872 1784 fides3
1925 1729 2235 1774 adulabantur

138 1808 150 1815 “
221 1814 381 1850 omnes
414 1802 741 1857 imperatorem
767 1801 814 1842 et
845 1798 991 1843 variis
1024 1797 1219 1853 flagitiis
1246 1794 1612 1853 libidinibusque
1634 1799 1676 1842 ei
1709 1800 1891 1855 placere
1913 1800 2235 1855 nitebantur1).

218 1876 349 1920 Vidit
381 1874 483 1930 ipse
516 1873 703 1917 Tacitus
735 1872 983 1927 imperium
1003 1871 1261 1915 Romanum
1293 1883 1376 1927 per
1408 1872 1547 1915 unius
1580 1872 1691 1916 anni
1724 1872 1930 1928 spatium
1963 1885 1991 1917 a
2017 1876 2236 1928 quattuor

220 1944 579 2005 imperatoribus
621 1947 909 2000 occupatum,
968 1942 1153 1987 ltaliam
1199 1942 1555 1999 provinciasque
1598 1943 1736 1987 caede
1777 1946 1823 1988 et
1856 1944 2236 2001 populationibus

220 2021 441 2076 pollutas3
483 2017 603 2062 vidit
641 2015 908 2060 Domitiano
942 2015 1220 2071 imperatore
1253 2016 1493 2058 obsessam
1539 2015 1715 2059 curiam
1757 2018 1804 2059 et
1841 2017 2051 2060 clausum
2094 2018 2236 2061 armis

0 2100 37 2121 r
221 2093 435 2137 senatum
467 2092 514 2134 et
546 2087 703 2132 eadem
737 2089 893 2143 strage
927 2089 995 2132 tot
1027 2086 1342 2132 consularium
1373 2086 1551 2143 caedes,
1578 2089 1648 2132 tot
1680 2087 2076 2133 nobilissimarum
2107 2088 2238 2134 femi-

4 2166 39 2186 *
222 2175 385 2209 narum
417 2160 582 2206 exsilia
614 2162 661 2204 et
692 2159 886 2215 fugas32)
919 2159 1038 2205 vidit
1057 2159 1282 2203 bellorum
1308 2159 1518 2204 civilium
1548 2159 1883 2215 crudelitatem,
1912 2161 2079 2215 quibus
2111 2161 2237 2205 filius

0 2216 75 2308 {j
222 2232 613 2293 patreminscius
645 2231 1008 2287 interficiebaffl),
1041 2231 1209 2285 quibus
1243 2242 1385 2285 eques
1416 2226 1608 2275 fratrem
1640 2243 1667 2275 a
1700 2244 1750 2275 se
1770 2233 1977 2276 occisum
1999 2233 2237 2289 professus

0 2301 68 2369 ᾖξ’
140 2308 142 2311 ’
221 2306 479 2365 praemium
511 2316 538 2349 a
570 2302 765 2348 ducibu's
797 2303 1036 2359 petebat⁴).
1069 2302 1172 2348 Non
1220 2302 1389 2346 mirum
1421 2302 1591 2347 idcirco
1625 2303 1852 2361 Tacitum,
1886 2304 2019 2349 cuius
2052 2304 2236 2348 animus

0 2410 57 2449 μ
220 2379 430 2436 legendis
464 2377 670 2432 antiquis
703 2376 901 2420 maxime
933 2375 1173 2419 historicis
1212 2374 1420 2419 imbutus
1454 2378 1580 2420 esset
1622 2376 1738 2420 iusti
1770 2377 2047 2432 honestique
2089 2377 2238 2421 sensi-

27 2442 59 2518 3ζὲ
222 2455 322 2507 bus,
340 2452 684 2507 comparatione
716 2449 936 2492 instituta
967 2448 1091 2491 inter
1110 2449 1314 2492 veterem
1332 2460 1429 2491 rem
1445 2448 1679 2503 publicam
1700 2452 1746 2492 et
1779 2449 2089 2493 miserrimam
2108 2450 2237 2493 illius

29 2550 46 2562 υ
222 2525 394 2568 aetatis
408 2522 723 2567 condicionem
740 2520 1004 2564 maestitiae
1023 2518 1171 2563 fuisse
1193 2519 1381 2575 plenum
1395 2521 1702 2578 eamqueflsuis
1723 2521 1913 2577 scriptis
1935 2521 2236 2577 expressisse.

15 2585 42 2602 Νι

365 2594 462 2639 Hae
494 2594 640 2651 igitur
671 2592 985 2648 difficultates,
1006 2603 1123 2647 quae
1155 2590 1397 2647 ingenium
1424 2592 1580 2635 minus
1606 2592 1792 2648 insigne
1825 2592 2078 2649 infringere
2112 2595 2238 2649 pote-

222 2672 341 2727 rant,
374 2668 585 2712 Tacitum
616 2668 773 2710 tamen
807 2677 896 2709 non
929 2667 1193 2721 avocarunt,
1227 2665 1367 2708 immo
1400 2665 1685 2721 impulerunt
1717 2668 1763 2709 et
1796 2666 2064 2721 incitarunt,
2099 2669 2150 2709 ut
2183 2679 2239 2710 ex

222 2741 464 2801 proverbio
496 2741 575 2783 illo
617 2740 808 2794 antiquo
849 2739 1037 2793 „ardua
1077 2751 1196 2792 quae
1241 2739 1497 2794 pulchra“,
1531 2739 1652 2793 quod
1691 2739 1783 2783 sibi
1815 2739 2072 2795 proposuit,
2108 2752 2237 2795 pera-

221 2819 351 2875 geret
384 2815 440 2862 ad
471 2815 700 2869 finemque
732 2813 1015 2869 perduceret.

371 2936 396 2980 1)
422 2934 673 2977 Hoffmeister‚
699 2932 724 2968 l.
751 2932 788 2976 l.‚
815 2943 876 2979 pg.
903 2931 949 2967 58
976 2944 1054 2979 sqq.

369 2997 395 3043 ²)
423 2995 550 3042 AgriC.
576 2995 634 3029 45.

369 3058 396 3100 3)
423 3056 566 3091 Hister.
594 3054 666 3098 III,
692 3055 748 3089 25.

369 3120 397 3162 ⁴)
423 3116 513 3152 ibid.
538 3113 612 3156 ΙΙΙ,
639 3115 696 3149 51.

1622 3175 1701 3227 ΕΓ.
1769 3174 2092 3226 Timon.

2086 0 2099 9 ι
2126 0 2225 19 inf-ff
2232 0 2306 32 «3⁷3⁸.
2335 0 2461 29 7:5”31232
