2461 3472
262 319 447 376 referre,
480 319 560 364 ubi
593 332 668 365 res
701 320 984 377 postulabat.
1020 320 1098 365 Sic
1131 320 1256 365 enim
1289 320 1466 365 Frisios
1499 314 1600 365 iure
1632 320 1911 366 seditionem
1943 286 2105 375 'contra
2122 316 2293 367 Romar-

263 405 348 437 nos
381 392 585 437 movisse
613 391 742 448 dicit,
776 394 942 437 horum
964 393 1136 449 quippe
1158 388 1359 437 avaritia
1374 391 1575 448 turpiter
1595 395 1800 437 vexatos.
1815 391 1844 447 ¹)
1879 390 2108 437 Similiter
2127 380 2288 442 laudat

261 463 540 518 Arminium,
575 464 875 508 barbarorum
908 462 1185 521 principem,
1235 461 1342 520 „qui
1376 474 1465 506 non
1499 461 1756 518 primordia
1789 462 1949 520 populi
1982 462 2217 520 Romani,
2225 462 2288 509 si·

262 537 340 579 cut
373 534 455 579 alii
488 547 622 591 reges
655 535 901 592 ducesque,
952 535 1033 579 sed
1066 533 1449 579 florentissimum
1494 534 1742 596 imperium
1773 534 2048 591 lacessierit,
2093 523 2285 592 proeliis
2355 511 2442 585 ;

2415 598 2437 624 ³'l'

261 607 526 662 ambiguus,
575 608 695 652 bello
729 621 819 651 non
854 607 1020 652 victus.
1039 607 1070 661 2)
1117 607 1288 662 Negari
1321 610 1478 651 tamen
1511 619 1602 651 non
1646 608 1802 663 potest
1846 620 1952 651 eum
1984 607 2203 664 deinceps
2234 608 2285 652 in

259 681 398 725 rebus
432 679 617 724 illorum
651 679 924 725 enarrandis
958 691 1117 725 eorum
1137 678 1356 724 laudibus
1377 679 1664 725 obtrectasse
1696 680 1743 724 et
1774 678 1847 725 vel
1880 678 2086 725 tacuisse
2118 679 2193 726 vel
2224 673 2286 725 Ie·
2349 669 2357 686 ‘

258 751 381 795 viter
430 763 714 795 memorasse
762 751 1001 807 victorias,
1044 763 1162 808 quas
1206 751 1263 794 de
1308 751 1530 795 Romanis
1573 753 1938 807 reportaverant.
1954 751 1985 805 ³)
2032 751 2139 794 Pari
2183 751 2285 795 dili-

257 824 421 877 gentia
455 836 622 867 causas
655 827 811 867 motus
844 824 1089 867 Vitelliani
1123 837 1179 867 ex
1211 823 1330 867 bello
1379 823 1485 866 Iulii
1517 823 1729 867 Vindicis
1775 826 1823 867 et
1854 836 1910 867 ex
1939 823 2184 868 discordiis
2216 837 2283 868 re-

257 894 393 950 petit,
427 906 545 950 quae
578 893 686 938 inde
720 895 844 939 inter
891 894 1100 951 legiones
1134 897 1180 939 et
1213 893 1370 939 Gallos
1403 893 1694 938 exstiterant.
1710 893 1742 948 ⁴)
1784 893 1957 939 Eodem
2001 894 2133 939 modo
2166 894 2282 941 diiu-
2324 957 2326 961 .
2385 907 2388 909 ’

257 966 383 1011 dicat
415 978 489 1010 res
522 968 683 1022 gestas
729 967 994 1024 principum
1041 978 1213 1023 eosque
1258 964 1567 1022 reprehendit,
1616 965 1657 1008 si
1691 965 1847 1009 minus
1890 966 2005 1010 bene
2045 965 2117 1011 vel
2150 966 2199 1010 in
2231 979 2281 1011 re

256 1038 452 1082 militari
486 1039 560 1083 vel
593 1039 642 1082 in
676 1039 882 1094 politicis
916 1038 1110 1094 egerint.
1154 1038 1233 1082 Sic
1266 1037 1321 1080 de
1354 1036 1558 1081 Tiridate
1590 1036 1726 1081 dicit:
1763 1038 1831 1094 „si
1864 1038 2026 1081 statim
2060 1038 2283 1083 interiora

256 1112 531 1167 ceterasque
564 1111 780 1156 nationes
826 1110 1090 1167 petivisset,
1143 1121 1370 1167 oppressa
1414 1109 1734 1154 cunctantium
1777 1109 2006 1154 dubitatio
2040 1112 2088 1154 et
2119 1122 2281 1156 omnes

255 1183 303 1228 in
339 1197 483 1228 unum
517 1184 764 1240 cedebant3
800 1182 1047 1229 assidendo
1081 1182 1340 1239 castellum,
1374 1181 1421 1226 in
1456 1181 1577 1239 quod
1610 1182 1855 1240 pecuniam
1888 1185 1935 1227 et
1966 1183 2169 1240 paelices
2198 1184 2280 1230 Ar-

258 1258 461 1300 tabanus
495 1257 769 1311 contulerat,
804 1256 930 1300 dedit
964 1256 1171 1311 spatium
1204 1256 1401 1299 exuendi
1435 1256 1613 1311 pacta.“
1635 1256 1666 1310 5)
1712 1256 2025 1312 Reprehendit
2057 1257 2171 1301 item
2203 1257 2280 1302 Vi-

254 1328 451 1385 tellium,
487 1328 607 1386 quod
640 1328 872 1385 amputari
906 1328 1146 1384 legionum
1180 1340 1396 1373 numeros
1430 1328 1664 1383 iussisset,
1699 1327 1773 1373 his
1807 1328 1987 1374 verbis:
2011 1328 2279 1383 „exitiabile

254 1401 300 1444 id
334 1402 400 1444 rei
420 1401 647 1456 publicae,
682 1401 918 1456 ingratum
953 1400 1108 1455 militi,
1128 1400 1203 1444 cui
1237 1400 1397 1444 eadem
1430 1401 1590 1444 munia
1623 1401 1746 1444 inter
1777 1413 1950 1457 paucos
1982 1402 2279 1458 periculaque

252 1475 299 1517 et
332 1473 461 1518 labor
494 1471 700 1518 crebrius
733 1472 988 1518 redibant.“
1011 1472 1042 1527 6)

396 1543 501 1596 Qua
533 1545 658 1587 enim
692 1544 871 1598 ingenii
912 1544 1172 1597 sagacitate
1212 1546 1313 1586 erat
1346 1544 1549 1598 Tacitus,
1584 1545 1771 1598 Tiberii,
1820 1545 2032 1597 Neronis,
2081 1546 2278 1590 aliorum

250 1615 447 1660 consilia
480 1615 885 1671 cogitationesque
918 1615 986 1660 ita
1019 1614 1241 1671 patefecit
1274 1617 1322 1660 et
1354 1614 1544 1671 detexit,
1579 1616 1631 1660 ut
1663 1614 1734 1659 illi
1767 1628 1871 1660 cum
1905 1628 1958 1661 eo
1991 1615 2160 1663 intima
2192 1630 2279 1663 sua

251 1688 459 1744 cogitata
492 1686 862 1732 communicasse
896 1687 1156 1732 videantur.
1192 1687 1337 1741 Quam
1371 1687 1557 1743 egregie
1596 1686 1770 1731 Tiberii
1817 1700 2027 1743 regnum,
2055 1688 2278 1734 describit

249 1760 543 1817 explicatque
576 1760 708 1805 varia
741 1755 843 1803 eius
875 1759 1002 1803 facta
1033 1762 1080 1803 et
1112 1761 1253 1804 verba
1286 1772 1341 1802 ex
1373 1759 1690 1804 dissimulanti
1735 1760 1839 1804 eius
1872 1763 1920 1804 et
1969 1761 2048 1805 vix
2080 1762 2278 1818 explica-

248 1832 332 1876 bili
366 1832 580 1887 ingenio!
623 1832 750 1875 Nihil
784 1844 890 1875 eum
922 1831 1062 1876 latuit
1095 1834 1176 1875 aut
1207 1831 1343 1886 fugit.
1379 1831 1678 1888 Imperatoris
1717 1832 1845 1877 illius
1884 1833 2051 1878 intimo
2090 1836 2276 1889 pectore

230 1904 489 1948 *recondita
540 1903 737 1947 consilia
785 1903 993 1947 detracta
1043 1902 1436 1947 dissimulationis
1484 1915 1683 1960 persona
1732 1903 1894 1948 lectori
1951 1907 2059 1948 ante
2119 1904 2276 1950 oculos

248 1976 490 2034 proponit3
522 1977 773 2031 negantem
793 1976 1006 2031 honores,
1030 1987 1120 2032 quo
1141 1975 1233 2019 sibi
1254 1975 1382 2020 brevi
1403 1976 1605 2020 maiores
1627 1978 1928 2032 compararet,
1949 1977 2276 2022 adversantem

249 2049 525 2103 adulationi,
560 2063 650 2105 quo
684 2048 854 2093 melius
888 2048 1049 2104 populi
1101 2061 1291 2104 prorsus
1343 2048 1575 2093 excideret
1626 2049 1903 2106 libertatem,
1955 2049 2276 2106 ignoscentem

247 2121 416 2177 noxiis,
451 2124 502 2165 ut
535 2121 727 2178 impune
759 2120 925 2165 deinde
959 2121 1007 2164 in
1042 2120 1254 2164 insontes
1286 2122 1591 2177 grassaretur,
1624 2123 1910 2166 metuentem
1943 2120 2148 2179 CapreiS,
2170 2117 2275 2169 cum

247 2193 422 2237 Romae
456 2193 613 2237 omnia
645 2193 797 2248 ipsius
830 2197 961 2236 nutu.
980 2195 1326 2248 peragerentur.
1362 2194 1507 2246 Quam
1528 2193 1778 2237 artificiose
1800 2193 1959 2238 Seiani
1987 2195 2275 2252 aliorumque

246 2268 431 2321 turpem
464 2265 781 2309 adulationem
815 2267 862 2309 et
901 2267 1040 2319 artes,
1077 2267 1127 2308 ut
1178 2264 1235 2307 ad
1283 2264 1562 2320 dignitatem
1612 2265 1922 2321 pervenirent,
1974 2267 2276 2312 machinatio-

246 2349 422 2393 nesque
455 2337 583 2382 vitae
617 2336 796 2380 aulicae
830 2337 1045 2392 exponit!
1086 2335 1322 2391 Imprimis
1356 2348 1464 2385 vero
1504 2336 1760 2380 laudandus
1793 2343 1866 2381 est
1898 2337 2086 2383 Tacitus
2131 2339 2275 2395 philo-

246 2409 407 2465 sophis
441 2412 488 2453 et
521 2408 729 2466 politicis
779 2407 1046 2463 sententiis,
1097 2409 1267 2464 quibus
1312 2407 1559 2452 historiam
1599 2420 1731 2452 suam
1764 2410 2017 2466 exornavit,
2064 2423 2275 2468 quaeque

245 2495 398 2526 rerum
432 2485 626 2527 naturae
660 2481 992 2526 convenientes
1026 2480 1315 2537 experientia
1360 2482 1731 2537 comprobantur.
1784 2481 1906 2527 Sunt
1958 2485 2114 2528 autem
2164 2484 2274 2529 illae

244 2555 394 2600 veluti
427 2556 690 2611 praecepta,
724 2567 778 2597 ex
812 2554 983 2609 quibus
1016 2566 1108 2598 non
1142 2553 1293 2598 solum
1335 2553 1509 2610 privati
1549 2554 1774 2604 homines,
1817 2556 1898 2600 sed
1942 2556 2085 2602 etiam
2129 2558 2274 2614 magi-

246 2630 425 2671 stratus
459 2629 505 2671 et
526 2627 764 2684 principes
779 2626 1036 2670 utilitatem
1059 2638 1221 2682 capere
1256 2629 1467 2682 possunt.
1502 2626 1761 2671 Afferamus
1783 2628 1972 2685 aliquot,
1994 2641 2084 2686 quo
2104 2630 2273 2674 melius

245 2700 300 2743 de
334 2700 394 2744 iis
428 2700 716 2743 iudicemus:
754 2697 833 2755 „Si
868 2698 1001 2754 velis,
1035 2698 1157 2754 quod
1189 2698 1394 2742 nondum
1426 2698 1626 2743 vetitum
1659 2702 1744 2755 est,
1777 2700 1962 2752 timeas,
1996 2715 2053 2746 ne
2094 2704 2271 2759 vetere;

245 2775 293 2815 at
327 2772 368 2815 si
401 2771 638 2828 prohibita
670 2771 861 2827 impune
896 2770 1255 2825 transcenderis,
1276 2783 1425 2826 neque
1458 2772 1611 2814 metus
1633 2771 1755 2816 ultra
1775 2785 1924 2829 neque
1944 2773 2091 2829 pudor
2116 2774 2271 2829 est“⁷).

394 2879 417 2919 ¹)
444 2878 583 2927 Annal.
612 2878 681 2919 IV,
710 2880 765 2913 72.

390 2938 415 2980 ²)
443 2939 583 2974 Annal.
611 2938 662 2981 ΙΙ,
689 2938 746 2974 88.

389 2997 415 3039 ³)
443 2997 600 3032 Siivern.
631 2999 779 3040 „Ueber
805 2998 878 3035 den
907 3001 1238 3037 Kunstcharakter
1264 3001 1329 3037 des
1356 3003 1531 3037 Tacitus“
1561 3014 1623 3049 pg.
1650 3004 1707 3045 82,
1735 3004 1880 3050 aliquot
1905 3005 2012 3040 locos
2038 3005 2153 3046 affert,
2170 3004 2273 3039 unde

240 3058 314 3095 hoc
340 3058 553 3094 luculenter
578 3063 692 3104 patet.

389 3118 416 3159 ⁴)
445 3118 586 3154 Histor.
615 3119 645 3161 I,
672 3120 729 3155 51.

390 3178 417 3214 ⁵)
441 3178 581 3214 Annal.
610 3179 679 3220 VI,
706 3180 764 3216 49.

389 3237 416 3279 6)
446 3236 587 3273 Histor.
616 3237 665 3280 11,
693 3240 749 3274 69.

389 3297 415 3344 7)
442 3299 583 3335 Annal.
611 3299 681 3341 111,
706 3300 765 3336 54.
