2461 3472
983 649 992 650 ’
1024 639 1248 730 &aput
1283 638 1349 707 1.

861 806 948 874 De
1000 811 1200 875 Taciti
1249 806 1507 875 studiis,

701 1143 743 1204 g.
789 1141 832 1192 1.
871 1140 974 1194 De
1011 1142 1293 1195 Studiis
1331 1140 1660 1207 poeticis,

316 1275 419 1335 Qua
450 1280 576 1326 enim
608 1280 758 1327 indole
791 1294 844 1327 ac
875 1283 1043 1327 natura
1074 1283 1206 1327 erant
1239 1282 1449 1339 Romani,
1495 1294 1600 1327 cum
1632 1294 1786 1327 rerum
1818 1293 1955 1327 usum
1987 1282 2189 1327 maxime

158 1352 452 1421 aspectarent,
497 1352 547 1397 in
579 1366 634 1397 ea
666 1365 848 1410 quoque
892 1354 1049 1398 studia
1079 1354 1350 1399 incubuisse
1395 1366 1476 1398 eos
1507 1353 1811 1398 manifestum
1844 1356 1930 1410 est,
1963 1356 2030 1410 ut,
2064 1354 2187 1411 quod

167 1422 264 1488 sibi
295 1427 648 1481 proposuerunt,
682 1427 1054 1482 assequerentur.
1087 1424 1203 1471 Cum
1223 1426 1380 1471 autem
1400 1438 1456 1469 ex
1483 1425 1691 1470 moribus
1712 1427 1759 1469 et
1782 1425 1955 1470 studiis
1975 1425 2186 1482 gravitas

151 1483 398 1563 squaedam
422 1496 733 1542 Romanorum
754 1500 880 1542 esset
904 1496 1105 1555 propria,
1138 1509 1166 1542 a
1198 1496 1515 1554 concipiendis
1536 1510 1689 1542 rerum
1709 1496 1995 1563 imaginibus
2026 1497 2187 1554 procul

151 1567 376 1620 aberant.
428 1566 530 1621 Quo
562 1569 738 1613 factum
782 1571 868 1625 est,
912 1573 966 1613 ut
996 1570 1153 1626 poesis
1186 1581 1243 1613 ea
1272 1568 1514 1613 dumtaxat
1560 1571 1714 1613 aetate
1745 1569 1902 1613 minus
1944 1570 2184 1625 coleretur,

156 1637 341 1694 quippe
355 1652 473 1695 quae
490 1643 656 1697 suapte
670 1643 838 1685 natura
851 1641 1053 1696 perfecte
1067 1642 1115 1685 et
1127 1640 1264 1697 plane
1279 1653 1428 1697 neque
1443 1640 1597 1685 doceri
1612 1652 1696 1685 nec
1711 1640 1829 1685 disci
1846 1641 1998 1697 possit
2011 1643 2059 1686 et
2072 1643 2184 1687 tunc

165 1704 391 1782 temporis
422 1723 521 1757 non·
547 1724 575 1756 a
606 1712 759 1769 poetis
802 1712 923 1770 ipsis
955 1712 1208 1768 doceretur,
1254 1711 1336 1757 sed
1368 1707 1449 1768 qui
1481 1711 1604 1756 idem
1650 1714 1731 1756 aut
1775 1712 2067 1768 grammatici
2101 1713 2184 1757 aut

75 1781 115 1818 '⁹12‘
167 1780 432 1838 philosophi
465 1786 546 1827 aut
564 1785 772 1828 rhetores
793 1786 964 1828 essent.
987 1784 1149 1840 Itaque
1169 1783 1497 1827 difficillimum
1519 1787 1591 1827 est
1611 1783 1863 1838 exquisita,
1898 1784 2182 1839 quibusnam

168 1853 292 1899 veris
324 1853 481 1911 poesis
525 1855 767 1912 magistris
809 1855 997 1901 Tacitus
1042 1867 1156 1901 usus
1199 1855 1350 1900 fuisse
1393 1854 1620 1912 videatur,
1671 1854 1763 1899 nisi
1808 1853 1928 1901 forte
1974 1853 2183 1900 Saleium

75 1914 116 1994 ᾗ
136 1913 146 1988 J
168 1923 366 1970 Bassum
384 1926 415 1984 ¹)
432 1935 442 1941 ··
467 1926 597 1983 adiit,
631 1940 736 1972 cum
768 1928 997 1985 optimum
1028 1927 1181 1972 virum
1212 1929 1314 1971 tum
1346 1927 1751 1970 absolutissimum
1784 1928 1984 1982 poetam,
2017 1930 2064 1970 et
2097 1926 2183 1971 Cu-

83 2001 94 2046 }
115 2001 125 2047 ’ἱ
165 1996 356 2042 riatium
386 1998 663 2056 Maternum,
680 1998 712 2054 2)
757 2000 838 2056 qui
871 2001 927 2045 ab
971 1999 1239 2055 eloquentia
1281 2012 1332 2044 se
1380 2001 1613 2045 averterat
1657 1998 1715 2044 ad
1757 2000 1904 2044 artem
1935 1998 2180 2056 poeticam.

77 2059 309 2130 1'421513rant
340 2071 493 2116 autem
527 2072 639 2117 tunc
669 2070 894 2130 temporis
926 2070 1100 2117 Romae
1133 2070 1344 2117 nonnulli
1376 2070 1489 2128 ludi,
1522 2070 1603 2129 qui
1627 2070 1914 2128 dicebantur,
1929 2070 2102 2129 poetici
2134 2072 2182 2116 et

164 2145 422 2187 conventus
455 2144 713 2188 studiorum
756 2145 941 2189 vinculo
993 2145 1350 2188 constrictorum
1393 2145 1599 2189 virorum
1645 2147 1692 2187 et
1736 2144 1974 2199 iuvenum,
2019 2144 2098 2198 qui
2130 2144 2180 2188 in

145 2213 359 2274 ..legenda
389 2217 630 2273 poetarum
662 2230 802 2274 opera
833 2219 880 2263 et
911 2216 961 2262 in
994 2216 1295 2263 exercendam
1326 2215 1492 2273 poesin
1512 2215 1857 2262 incumbebant.
1890 2214 2044 2273 Atque
2075 2227 2181 2262 cum

87 2273 130 2325 ἶ
153 2278 221 2357 -ex
250 2285 392 2351 Plinii
434 2287 630 2334 minoris
674 2288 892 2347 epistulis
939 2288 1199 2346 doceamur,
1248 2300 1387 2346 quam
1438 2288 1853 2334 coniunctissimus
1900 2288 2043 2332 fuerit
2090 2300 2179 2332 usu

152 2359 400 2417 >amicitiae
445 2373 548 2405 cum
581 2361 687 2405 aliis
731 2362 885 2418 poetis
916 2363 1018 2405 tum
1048 2362 1251 2405 maxime
1295 2361 1501 2405 Martiali
1547 2363 1594 2404 et
1642 2361 1760 2405 Silio
1793 2361 1968 2415 Italico,
2000 2361 2050 2403 hi
2088 2361 2179 2405 viri

156 2425 231 2477 iie‘
254 2431 413 2478 Tacito
446 2433 631 2489 quidem
678 2433 829 2490 ignoti
874 2433 1023 2479 fuisse
1070 2432 1300 2479 videntur.
1322 2432 1353 2487 3)
1401 2431 1532 2487 Quae
1577 2446 1681 2478 cum
1713 2433 1781 2478 ita
1813 2432 1923 2488 sint,
1966 2431 2179 2478 Tacitum

163 2514 346 2562 quoque
377 2505 435 2550 ab
467 2504 568 2551 eius
600 2505 785 2562 generis
817 2504 990 2550 studiis
1021 2504 1145 2550 haud
1177 2504 1381 2550 alienum
1413 2504 1562 2563 fuisse
1594 2506 1753 2550 crebra
1780 2504 1829 2549 in
1862 2504 1964 2549 eius
1985 2504 2177 2562 scriptis

151 2576 367 2632 ‘vestigia
397 2577 648 2623 ostendunt
698 2580 746 2621 et
776 2577 860 2621 illa
890 2577 1078 2633 quidem
1108 2576 1307 2633 Lucreti·
1335 2578 1382 2621 et
1414 2577 1592 2632 Vergili
1637 2577 1843 2621 carmina
1875 2576 2087 2622 studiose
2119 2579 2177 2623 ab

159 2647 358 2694 colecta
376 2650 424 2694 et
444 2649 691 2695 memoriae
718 2648 940 2694 mandata
971 2647 1144 2704 esse⁴);
1178 2648 1260 2693 sed
1292 2661 1402 2692 num
1424 2647 1600 2705 scripta
1621 2648 1723 2693 eius
1745 2648 1931 2705 generis
1964 2648 2177 2706 ediderit,

162 2719 217 2766 id'
239 2720 363 2779 vquod
393 2720 596 2767 Plinium
626 2721 796 2767 fecisse
828 2721 1016 2778 scimuS,
1055 2720 1174 2766 nihil
1206 2721 1320 2765 certi
1353 2722 1549 2776 constat,
1596 2733 1879 2778 quamquam
1916 2722 2080 2766 tenera
2111 2722 2179 2767 iu-

152 2795 353 2840 ventute
384 2792 434 2839 in
466 2806 522 2841 ea
552 2806 734 2853 quoque
765 2807 815 2840 re
847 2806 953 2840 eum
984 2795 1260 2852 occupatum
1291 2792 1438 2838 fuisse
1471 2792 1867 2839 verisimillimum
1899 2795 1974 2839 est
1991 2794 2038 2849 ⁵).

308 2938 334 2984 ¹)
359 2938 511 2986 Dialog.
536 2939 570 2981 5,
597 2938 631 2983 9,
659 2938 718 2981 10;
746 2936 905 2983 Quintil.
931 2937 1018 2974 inst.
1036 2940 1137 2974 orat.
1163 2936 1212 2981 X,
1240 2937 1274 2981 1,
1298 2936 1356 2973 90.

307 2998 335 3044 ²)
359 2999 510 3046 Dialog.
536 3000 571 3043 2,
596 2999 631 3043 5,
656 2998 690 3043 9,
717 2998 774 3042 10,
801 2998 858 3042 11,
885 2998 942 3041 13,
969 2998 1044 3034 alii.

305 3057 334 3104 ³)
358 3059 456 3097 Plin.
483 3059 590 3106 epist.
616 3058 690 3103 III,
716 3058 737 3094 7
762 3062 801 3094 et
824 3058 888 3102 213
914 3057 1028 3095 Mart.
1054 3057 1169 3105 epigr.
1197 3057 1254 3102 10,
1282 3057 1343 3102 19;
1369 3057 1488 3094 Tacit.
1514 3056 1643 3095 histor.
1670 3057 1742 3102 111,
1768 3058 1824 3094 65.

305 3119 335 3164 ⁴)
359 3119 492 3157 Bnehr.
518 3119 646 3156 histor.
671 3117 743 3156 lit't.
768 3118 878 3155 Rom.
905 3117 955 3154 II.
980 3118 1001 3163 ξ
1026 3118 1109 3162 261,
1134 3117 1262 3154 adnot.
1290 3119 1323 3154 9.

305 3181 333 3224 ⁵)
358 3180 457 3217 Plin.
483 3181 590 3227 epist.
615 3180 686 3224 IX,
714 3180 769 3215 10.
