2461 3472
158 322 173 330 *-
195 327 229 362 θ’
292 311 593 410 abitene'ra
596 276 746 405 ¹hac
730 320 909 403 aetate
910 323 1181 407 puerorum
1200 323 1400 395 animos
1404 323 1520 398 18111
1545 327 1673 408 litte-
1779 400 1785 406 ,
1815 380 1821 384 -
1882 372 1886 380 ,

222 421 360 478 tuere
390 417 668 482 inceperunt
697 420 946 480 Romani,
960 420 1084 481 quod
1115 420 1219 469 fleri
1250 420 1497 471 noluerunt
1540 418 1662 467 nisi
1680 420 1773 468 una
1795 425 1908 468 cnm
1944 455 1971 499 -
1974 471 1975 474 ,

223 489 421 544 morum.
454 494 635 554 Itaque
649 494 871 553 quoniam
915 495 1019 553 ipso
1050 506 1254 552 genere
1267 487 1457 541 Tacitus
1500 493 1559 539 ad
1602 493 1998 550 mag-istratus&
2026 523 2048 531 .-

156 564 163 572 ’“
202 568 492 615 destinatus
525 570 640 622 erat,
674 579 766 613 non
798 569 885 622 est,
929 566 1050 623 quod
1082 566 1365 621 dubitemus,
1409 566 1523 623 quin
1556 577 1585 611 a
1614 566 1768 622 prima
1796 554 2066 612 iuventute
2064 524 2205 615 litte.

154 656 165 663 ‚
190 652 329 687 rum
360 639 607 686 elementis
657 637 1024 700 diligentissime
1071 637 1280 684 imbutus
1324 638 1469 684 fuerit
1501 636 1745 695 omnisque
1789 636 1894 687 eius
1938 629 2163 684 educatio

169 762 172 767 ,
224 713 526 770 spectaverit,
572 714 626 756 ut
658 723 799 769 quam
831 711 1181 756 eruditissimus
1214 715 1261 756 et
1299 711 1578 768 aptissimus
1624 709 1681 755 ad
1713 722 1813 785 rem
1829 693 2081 767 publicam
2107 710 2252 785 admi-

223 784 517 830 nistrandam
548 784 781 830 evaderet.

369 890 524 948 Atque
555 889 760 948 primum
805 890 991 948 quidem
1036 890 1391 947 grammaticam
1422 890 1587 935 doctus
1619 892 1706 941 est,
1734 902 1853 946 quae
1885 901 1978 935 non
2022 891 2158 937 modo
2188 892 2280 960 les

221 962 363 1019 gendi
395 962 724 1020 scribendique
757 964 1082 1020 expostulabat
1108 962 1396 1018 facultatem,
1429 961 1511 1006 sed
1543 961 1686 1006 etiam
1708 965 1833 1006 recte
1851 961 2071 1019 loquendi
2102 963 2250 1024 scien-

159 1021 162 1030 ’
220 1033 341 1080 tiam
360 1036 502 1092 atque
523 1034 867 1079 enarrationem
893 1035 1136 1091 poetarum
1170 1032 1648 1090 comprehendebat³);
1693 1044 1787 1089 qua
1805 1032 2017 1078 doctrina
2034 1035 2265 1090 absoluta-j.

221 1103 272 1150 in
304 1106 564 1164 poctarum,
608 1106 1004 1163 philosophorum,
1050 1107 1287 1150 rhetorum
1320 1104 1526 1150 scholam
1557 1104 1732 1149 missus
1764 1104 1888 1160 est⁴),
1934 1105 2014 1162 qni
2059 1104 2251 1172 Tacitea
2269 1114 2276 1120 ’·

222 1180 379 1223 aetate
411 1177 748 1235 quodammodo
782 1178 916 1222 sedes
949 1178 1095 1222 totius
1129 1184 1240 1222 tunc
1271 1177 1497 1234 temporis
1529 1175 1845 1221 institutionis
1890 1175 2269 1244 occupaverunumj

148 1248 150 1250 ’
219 1249 423 1296 Maxime
455 1256 614 1296 autem
658 1249 706 1295 id
738 1251 983 1308 spectabat
1015 1248 1222 1307 TacituS‚
1259 1251 1311 1295 ut
1343 1261 1482 1307 quam
1515 1247 1690 1306 optime
1733 1248 1876 1295 sciret
1908 1248 2131 1297 Graecam
2157 1237 2434 1323 .lil1'·'if⁷{.f·²f'f‘ssg.-·

220 1334 377 1380 guam,
410 1335 515 1368 cum
548 1327 774 1379 magnam·
800 1325 981 1380 partem
1009 1326 1056 1367 et
1088 1323 1263 1366 litteris
1285 1332 1332 1366 et
1351 1321 1594 1377 magistris
1615 1321 1805 1366 Graecis
1831 1324 2053 1368 uteretur.
2087 1324 2253 1382 Neque·
2381 1341 2388 1351 .

220 1395 369 1440 solam
402 1395 764 1453 philosophiam,
815 1395 897 1440 sed
931 1399 1110 1439 ceteras
1144 1407 1327 1452 quoque
1359 1401 1486 1438 artes
1518 1394 1734 1440 liberales
1767 1406 1823 1439 ex
1843 1394 2032 1441 Graecis
2058 1397 2249 1453 potissi-

218 1479 348 1512 mum
387 1467 596 1513 fontibus
641 1466 800 1512 hausit
833 1470 880 1512 et
912 1467 1163 1529 diligenter
1207 1467 1309 1511 sine
1342 1466 1483 1510 dubio
1516 1465 1673 1510 omnia
1715 1467 1951 1524 tractavit,
1997 1479 2116 1525 quae
2153 1467 2262 1514 sibi'
2336 1449 2427 1528 ᾗ..

206 1540 268 1596 ι1ιι
299 1540 400 1583 foro
433 1542 481 1583 et
512 1540 764 1595 republica
783 1543 1022 1584 versaturo
1056 1540 1291 1595 praesidio
1312 1542 1359 1582 et
1380 1541 1651 1583 ornamento
1676 1543 1849 1593 essent,
1875 1540 1992 1584 iuris
2013 1541 2246 1597 peritiam,
2341 1583 2344 1586 Δ

214 1608 344 1667 leges
377 1613 425 1656 et
456 1610 693 1668 instituta,
742 1612 1011 1657 universam
1062 1623 1217 1656 rerum
1262 1609 1576 1656 Romanarum
1621 1611 1906 1656 memoriam.
1921 1611 1953 1667 ὁ)
2002 1603 2251 1660 »Sed‘nihil
2274 1630 2302 1641 .,
2354 1605 2435 1678 2153}

213 1682 420 1739 profecto
455 1683 607 1739 magis
640 1696 780 1727 curae
813 1684 992 1739 habuit,
1026 1695 1166 1739 quam
1214 1688 1266 1726 ut
1311 1682 1605 1738 eloquentiae
1642 1683 1769 1726 fama
1801 1683 2039 1740 emineret,
2073 1684 2258 1742 quippe
2298 1703 2300 1705 >
2327 1703 2330 1706 ⁴
2355 1673 2434 1723 ἶ·-

210 1767 304 1811 qua
336 1767 441 1799 cum
487 1754 774 1811 praesidium
824 1756 1004 1812 amicis,
1044 1766 1180 1813 opem
1224 1755 1408 1811 alienis,
1460 1754 1663 1800 salutem
1708 1755 2098 1814 periclitantibus,
2143 1763 2244 1804 tum
2396 1785 2461 1830 ‘a'

212 1825 306 1872 sibi
338 1825 434 1885 ipsi
467 1838 608 1872 unam
643 1827 930 1886 eandemque
976 1828 1292 1873 certissimam
1324 1827 1451 1873 viam
1482 1827 1540 1871 ad
1572 1838 1779 1871 summos
1811 1828 2010 1872 honores
2042 1832 2241 1885 pararet.
2395 1820 2461 1900 i}

160 1890 162 1893 ’
212 1898 368 1953 Quare
401 1899 588 1944 credere
620 1912 705 1956 par
737 1904 811 1945 est
842 1915 949 1945 eum
980 1901 1430 1957 praestantissimos,
1451 1900 1652 1956 quitum
1682 1900 1911 1956 florerent,
1950 1901 2243 1958 eloquentiae
2385 1889 2461 1950 «ἐξ

211 1975 540 2029 praeceptores
574 1972 827 2018 audivisse.
2211 1968 2215 1969 ⁷
2386 1964 2433 2037 {5²ss

358 2077 540 2133 Quibus
573 2082 730 2125 autem
762 2079 878 2126 locis
923 2083 970 2126 et
1002 2093 1030 2127 a
1063 2081 1233 2139 quibus
1265 2079 1508 2138 magistris
1541 2078 1731 2125 Tacitus
1777 2079 1944 2137 primis
1976 2079 2241 2141 litterarum

211 2150 459 2197 elementis
492 2152 701 2197 imbutus
745 2152 894 2199 fuisse
927 2154 1154 2211 videatur,
1198 2155 1316 2199 nihil
1360 2155 1455 2198 fere
1503 2153 1619 2198 certi
1667 2154 1866 2197 constat.
1928 2153 2183 2211 Postquam
2214 2168 2241 2200 e
2291 2163 2312 2191 ν

211 2225 371 2281 pueris
413 2225 629 2279 excessit,
664 2225 851 2289 Romae¹
880 2239 986 2270 eum
1020 2227 1292 2272 institutum
1323 2227 1473 2270 fuisse
1505 2225 1791 2282 putabimuS,
1824 2225 1905 2269 ubi
1938 2227 2118 2271 nobiles
2151 2227 2240 2272 Ro·

211 2309 456 2342 manorum
489 2297 740 2341 maximam
772 2303 953 2354 partem
987 2301 1306 2344 versabantur.
1357 2298 1426 2343 Ibi
1457 2297 1633 2342 factum
1666 2300 1753 2354 est,
1786 2301 1838 2341 ut
1869 2296 2012 2343 Plinii
2045 2299 2250 2345 minoris.

209 2367 536 2413 familiaritate
571 2371 792 2425 uteretur,
841 2370 922 2426 qui
956 2371 1005 2413 in
1037 2371 1172 2415 domo
1204 2371 1342 2415 Plinii
1390 2369 1578 2415 maioris
1624 2369 1843 2415 avunculi
1876 2369 2099 2415 educatus
2131 2377 2180 2416 et
2210 2385 2240 2416 a
2288 2425 2291 2429 ¹
2332 2352 2433 2430 95Γῖ

165 2455 168 2461 ·
210 2439 434 2496 Verginio
467 2439 586 2485 Ru'fo
618 2442 773 2485 tutore
806 2441 1056 2485 institutus
1089 2445 1203 2486 erat.
1254 2441 1525 2488 Avunculus
1549 2441 1580 2495 ⁶)
1627 2441 1770 2485 Plinii
1802 2441 2013 2497 minoris,
2056 2442 2288 2491 Plinius

210 2512 374 2568 maior,
426 2512 506 2568 qui
539 2515 705 2569 postea
735 2526 819 2570 per
850 2513 1199 2570 adoptationem
1249 2517 1383 2571 pater
1414 2513 1517 2559 eius
1548 2512 1702 2558 factus
1735 2515 1849 2570 erat,
1897 2525 2047 2570 neque
2080 2514 2239 2560 minus
2288 2542 2292 2545 «

358 2690 384 2736 ¹)
411 2690 467 2728 Of.
496 2690 728 2738 Grasberger
752 2690 808 2737 L.,
834 2691 1051 2740 Erziehung
1087 2692 1167 2729 und
1194 2692 1415 2731 Unterricht
1451 2696 1503 2731 im
1528 2694 1636 2732 class.
1676 2695 1893 2733 Alterthum
1917 2696 1969 2733 ΙΙ.
1995 2708 2059 2745 pg.
2084 2699 2154 2735 297
2180 2710 2244 2747 sq.v

210 2752 393 2797 saalfeld,
421 2753 466 2789 G.
494 2753 551 2795 A.,
572 2753 650 2788 Der
674 2754 906 2799 griechische
931 2754 1097 2790 Einfluss
1135 2754 1204 2791 auf
1236 2755 1453 2802 Erziehung
1491 2755 1571 2792 und
1610 2756 1831 2794 Unterricht
1867 2758 1907 2793 in
1932 2758 2042 2795 Rom.
2081 2759 2237 2808 Leipzig
2271 2786 2273 2788 -

201 2813 315 2864 1882.
343 2824 405 2861 pg.
435 2812 455 2848 7
482 2824 563 2860 sqq.

355 2873 382 2916 2)
411 2872 573 2917 Quintil.
599 2873 685 2909 inst.
713 2879 807 2911 orat.
834 2876 865 2919 1,
893 2876 925 2919 1,
954 2876 1015 2918 12;
1043 2874 1071 2918 I,
1097 2876 1131 2919 4,
1161 2878 1198 2920 1;
1238 2878 1358 2913 Tacit.
1385 2876 1525 2923 dialog.
1553 2877 1610 2913 30.
1638 2878 1717 2915 Cic.
1743 2879 1848 2916 Brut.
1875 2882 1932 2917 90.
1958 2882 2041 2918 310.
2068 2882 2115 2918 de
2141 2887 2237 2921 orat.

210 2932 244 2978 1,
270 2932 327 2976 34,
356 2933 437 2971 155.
465 2932 570 2970 Suet.
598 2934 687 2972 clar.
713 2934 806 2973 rhet.
835 2936 866 2978 1,
894 2936 926 2973 2.

355 2993 382 3036 ³)
409 2993 653 3039 Grasberger,
679 2995 704 3029 l.
730 2996 755 3030 l.
782 2995 830 3031 11.
858 3008 923 3042 pg.
949 2996 1021 3031 254
1046 3008 1148 3042 sqq.;
1175 2998 1248 3033 298
1267 3008 1322 3043 sq.

354 3052 382 3097 ⁴)
410 3052 912 3100 Marquardt—Mommsen.
937 3054 1098 3093 Handb:
1123 3056 1158 3093 d.
1185 3060 1276 3094 rom.
1303 3056 1464 3095 Alterth.
1491 3056 1581 3104 VII,
1608 3059 1652 3105 1.,
1679 3071 1741 3108 pg.
1771 3060 1840 3099 108
1864 3073 1920 3111 sq.

355 3114 384 3157 ⁶)
411 3113 557 3157 Haase,
584 3115 739 3160 praefat.
766 3128 828 3162 pg.
856 3115 946 3153 VII.

355 3173 383 3217 ὃ)
408 3173 508 3211 Plin.
536 3174 644 3221 epist.
672 3174 744 3219 111,
769 3176 808 3220 53
836 3176 883 3221 V,
910 3176 949 3221 83
976 3176 1046 3221 VI,
1075 3178 1130 3213 16.
